% Encoding: UTF-8
@Article{Suh2011,
  doi =          "10.1021/cr200274s",
  URL =          "https://doi.org/10.1021/cr200274s",
  year =         "2011",
  month =        dec,
  publisher =    "American Chemical Society ({ACS})",
  volume =       "112",
  number =       "2",
  pages =        "782--835",
  author =       "Myunghyun Paik Suh and Hye Jeong Park and Thazhe
                 Kootteri Prasad and Dae-Woon Lim",
  title =        "Hydrogen Storage in Metal{\textendash}Organic
                 Frameworks",
  journal =      "Chemical Reviews",
}

@Article{Mulliken1955,
  doi =          "10.1063/1.1740588",
  URL =          "https://doi.org/10.1063/1.1740588",
  year =         "1955",
  month =        oct,
  publisher =    "{AIP} Publishing",
  volume =       "23",
  number =       "10",
  pages =        "1833--1840",
  author =       "R. S. Mulliken",
  title =        "Electronic Population Analysis on
                 {LCAO}{\textendash}{MO} Molecular Wave Functions. {I}",
  journal =      "The Journal of Chemical Physics",
}

@Article{Ramsahye2007,
  doi =          "10.1039/b613378a",
  URL =          "https://doi.org/10.1039/b613378a",
  year =         "2007",
  publisher =    "Royal Society of Chemistry ({RSC})",
  volume =       "9",
  number =       "9",
  pages =        "1059--1063",
  author =       "N. A. Ramsahye and G. Maurin and S. Bourrelly and P.
                 Llewellyn and T Loiseau and G. Ferey",
  title =        "Charge distribution in metal organic framework
                 materials: transferability to a preliminary molecular
                 simulation study of the {CO}2adsorption in the {MIL}-53
                 (Al) system",
  journal =      "Phys. Chem. Chem. Phys.",
}

@Article{Szeto2007,
  doi =          "10.1021/cm0616432",
  URL =          "https://doi.org/10.1021/cm0616432",
  year =         "2007",
  month =        jan,
  publisher =    "American Chemical Society ({ACS})",
  volume =       "19",
  number =       "2",
  pages =        "211--220",
  author =       "Kai Chung Szeto and Carmelo Prestipino and Carlo
                 Lamberti and Adriano Zecchina and Silvia Bordiga and
                 Morten Bj{\o}rgen and Mats Tilset and Karl Petter
                 Lillerud",
  title =        "Characterization of a New Porous Pt-Containing
                 Metal-Organic Framework Containing Potentially
                 Catalytically Active Sites:~ Local Electronic Structure
                 at the Metal Centers",
  journal =      "Chemistry of Materials",
}

@Article{Watanabe2009,
  doi =          "10.1039/b918254n",
  URL =          "https://doi.org/10.1039/b918254n",
  year =         "2009",
  publisher =    "Royal Society of Chemistry ({RSC})",
  volume =       "11",
  number =       "48",
  pages =        "11389",
  author =       "Taku Watanabe and Seda Keskin and Sankar Nair and
                 David S. Sholl",
  title =        "Computational identification of a metal organic
                 framework for high selectivity membrane-based
                 {CO}2/{CH}4 separations: Cu(hfipbb)({H2}hfipbb)0.5",
  journal =      "Physical Chemistry Chemical Physics",
}

@Article{Rydn2013,
  doi =          "10.1016/j.micromeso.2012.08.024",
  URL =          "https://doi.org/10.1016/j.micromeso.2012.08.024",
  year =         "2013",
  month =        jan,
  publisher =    "Elsevier {BV}",
  volume =       "165",
  pages =        "205--209",
  author =       "Jens Ryd{\'{e}}n and Sven {\"{O}}berg and Malcolm
                 Heggie and Mark Rayson and Patrick Briddon",
  title =        "Hydrogen storage in the manganese containing
                 metal{\textendash}organic framework {MOF}-73",
  journal =      "Microporous and Mesoporous Materials",
}

@Article{Gaponik2005,
  doi =          "10.1016/j.ica.2005.06.029",
  URL =          "https://doi.org/10.1016/j.ica.2005.06.029",
  year =         "2005",
  month =        sep,
  publisher =    "Elsevier {BV}",
  volume =       "358",
  number =       "13",
  pages =        "3949--3957",
  author =       "Pavel N. Gaponik and Mikhail M. Degtyarik and
                 Alexander S. Lyakhov and Vadim E. Matulis and Oleg A.
                 Ivashkevich and Manuel Quesada and Jan Reedijk",
  title =        "Bis(2-methyltetrazole)dichlorocopper({II}) is a
                 layered coordination polymer built from dinuclear
                 chloro-bridged Cu units linked by bridging tetrazoles.
                 The first structurally and magnetically characterized
                 complex of 2-monosubstituted tetrazoles",
  journal =      "Inorganica Chimica Acta",
}

@Article{Messner2013,
  doi =          "10.1039/c3ay40308d",
  URL =          "https://doi.org/10.1039/c3ay40308d",
  year =         "2013",
  publisher =    "Royal Society of Chemistry ({RSC})",
  volume =       "5",
  number =       "9",
  pages =        "2379",
  author =       "Christoph B. Messner and Munazza R. Mirza and Matthias
                 Rainer and Oliver M. D. Lutz and Y{\"{u}}ksel
                 G{\"{u}}zel and Thomas S. Hofer and Christian W. Huck
                 and Bernd M. Rode and G{\"{u}}nther K. Bonn",
  title =        "Selective enrichment of phosphopeptides by a
                 metal{\textendash}organic framework",
  journal =      "Analytical Methods",
}

@Article{Bao2011,
  doi =          "10.1021/la2030473",
  URL =          "https://doi.org/10.1021/la2030473",
  year =         "2011",
  month =        nov,
  publisher =    "American Chemical Society ({ACS})",
  volume =       "27",
  number =       "22",
  pages =        "13554--13562",
  author =       "Zongbi Bao and Sufian Alnemrat and Liang Yu and Igor
                 Vasiliev and Qilong Ren and Xiuyang Lu and Shuguang
                 Deng",
  title =        "Adsorption of Ethane, Ethylene, Propane, and Propylene
                 on a Magnesium-Based Metal{\textendash}Organic
                 Framework",
  journal =      "Langmuir",
}

@Article{Khvostikova2010,
  doi =          "10.1016/j.ijhydene.2010.07.089",
  URL =          "https://doi.org/10.1016/j.ijhydene.2010.07.089",
  year =         "2010",
  month =        oct,
  publisher =    "Elsevier {BV}",
  volume =       "35",
  number =       "20",
  pages =        "11042--11051",
  author =       "O. Khvostikova and B. Assfour and G. Seifert and H.
                 Hermann and A. Horst and H. Ehrenberg",
  title =        "Novel experimental methods for assessment of hydrogen
                 storage capacity and modelling of sorption in
                 Cu-{BTC}",
  journal =      "International Journal of Hydrogen Energy",
}

@Article{Xiong2010,
  doi =          "10.1021/la9039013",
  year =         "2010",
  month =        apr,
  publisher =    "American Chemical Society ({ACS})",
  volume =       "26",
  number =       "8",
  pages =        "5942--5950",
  author =       "Ruichang Xiong and David J. Keffer and Miguel
                 Fuentes-Cabrera and Donald M. Nicholson and Andrea
                 Michalkova and Tetyana Petrova and Jerzy Leszczynski
                 and Khorgolkhuu Odbadrakh and Bryant L. Doss and James
                 P. Lewis",
  title =        "Effect of Charge Distribution on {RDX} Adsorption in
                 {IRMOF}-10",
  journal =      "Langmuir",
}

@Article{Yang2014,
  doi =          "10.1016/j.micromeso.2013.09.031",
  year =         "2014",
  month =        jan,
  publisher =    "Elsevier {BV}",
  volume =       "183",
  pages =        "218--233",
  author =       "Li-Ming Yang",
  title =        "Quantum chemistry investigation of rigid
                 {A}-{IRMOF}-{M0} series ({A}=zinc, cadmium, and
                 alkaline-earth metals) on crystal structure, electronic
                 structure, formation energy, chemical bonding, and
                 optical properties",
  journal =      "Microporous and Mesoporous Materials",
}

@Article{Yang2007,
  doi =          "10.1002/aic.11298",
  year =         "2007",
  publisher =    "Wiley-Blackwell",
  volume =       "53",
  number =       "11",
  pages =        "2832--2840",
  author =       "Qingyuan Yang and Chunyu Xue and Chongli Zhong and
                 Jian-Feng Chen",
  title =        "Molecular simulation of separation of {CO}2 from flue
                 gases in {C}u-{BTC} metal-organic framework",
  journal =      "{AIChE} Journal",
}

@Article{Yang2006,
  doi =          "10.1002/cphc.200600191",
  year =         "2006",
  month =        jun,
  publisher =    "Wiley-Blackwell",
  volume =       "7",
  number =       "7",
  pages =        "1417--1421",
  author =       "Qingyuan Yang and Chongli Zhong",
  title =        "Electrostatic-Field-Induced Enhancement of Gas Mixture
                 Separation in Metal-Organic Frameworks: {A}
                 Computational Study",
  journal =      "{ChemPhysChem}",
}

@Article{Liu2010,
  doi =          "10.1039/c0jm01045f",
  year =         "2010",
  publisher =    "Royal Society of Chemistry ({RSC})",
  volume =       "20",
  number =       "46",
  pages =        "10308",
  author =       "Dahuan Liu and Chongli Zhong",
  title =        "Understanding gas separation in
                 metal{\textendash}organic frameworks using computer
                 modeling",
  journal =      "Journal of Materials Chemistry",
}

@Article{Zheng2012,
  doi =          "10.1021/jp209463a",
  year =         "2012",
  month =        jan,
  publisher =    "American Chemical Society ({ACS})",
  volume =       "116",
  number =       "1",
  pages =        "933--938",
  author =       "Bin Zheng and Marco Sant and Pierfranco Demontis and
                 Giuseppe B. Suffritti",
  title =        "Force Field for Molecular Dynamics Computations in
                 Flexible {ZIF}-8 Framework",
  journal =      "The Journal of Physical Chemistry C",
}

@Article{Castillo2008,
  doi =          "10.1021/jp806363w",
  year =         "2008",
  month =        oct,
  publisher =    "American Chemical Society ({ACS})",
  volume =       "112",
  number =       "41",
  pages =        "15934--15939",
  author =       "Juan Manuel Castillo and Thijs J. H. Vlugt and Sofia
                 Calero",
  title =        "Understanding Water Adsorption in Cu-{BTC}
                 Metal-Organic Frameworks",
  journal =      "The Journal of Physical Chemistry C",
}

@Article{Salles2011,
  doi =          "10.1021/jp202147m",
  URL =          "https://doi.org/10.1021/jp202147m",
  year =         "2011",
  month =        jun,
  publisher =    "American Chemical Society ({ACS})",
  volume =       "115",
  number =       "21",
  pages =        "10764--10776",
  author =       "Fabrice Salles and Sandrine Bourrelly and Herve Jobic
                 and Thomas Devic and Vincent Guillerm and Philip
                 Llewellyn and Christian Serre and Gerard Ferey and
                 Guillaume Maurin",
  title =        "Molecular Insight into the Adsorption and Diffusion of
                 Water in the Versatile Hydrophilic/Hydrophobic Flexible
                 {MIL}-53(Cr) {MOF}",
  journal =      "The Journal of Physical Chemistry C",
}

@Article{Zhang2013,
  doi =          "10.1021/jp409869c",
  URL =          "https://doi.org/10.1021/jp409869c",
  year =         "2013",
  month =        nov,
  publisher =    "American Chemical Society ({ACS})",
  volume =       "117",
  number =       "48",
  pages =        "25628--25635",
  author =       "Kang Zhang and Liling Zhang and Jianwen Jiang",
  title =        "Adsorption of {C1}{\textendash}{C4} Alcohols in
                 Zeolitic Imidazolate Framework-8: Effects of Force
                 Fields, Atomic Charges, and Framework Flexibility",
  journal =      "The Journal of Physical Chemistry C",
}

@Article{Zheng2009,
  doi =          "10.1021/ie901000x",
  URL =          "https://doi.org/10.1021/ie901000x",
  year =         "2009",
  month =        dec,
  publisher =    "American Chemical Society ({ACS})",
  volume =       "48",
  number =       "23",
  pages =        "10479--10484",
  author =       "Chengcheng Zheng and Dahuan Liu and Qingyuan Yang and
                 Chongli Zhong and Jianguo Mi",
  title =        "Computational Study on the Influences of Framework
                 Charges on {CO}2Uptake in Metal-Organic Frameworks",
  journal =      "Industrial {\&} Engineering Chemistry Research",
}

@Article{Walton2008,
  doi =          "10.1021/ja076595g",
  URL =          "https://doi.org/10.1021/ja076595g",
  year =         "2008",
  month =        jan,
  publisher =    "American Chemical Society ({ACS})",
  volume =       "130",
  number =       "2",
  pages =        "406--407",
  author =       "Krista S. Walton and Andrew R. Millward and David
                 Dubbeldam and Houston Frost and John J. Low and Omar M.
                 Yaghi and Randall Q. Snurr",
  title =        "Understanding Inflections and Steps in Carbon Dioxide
                 Adsorption Isotherms in Metal-Organic Frameworks",
  journal =      "Journal of the American Chemical Society",
}

@Article{Babarao2011,
  doi =          "10.1021/jp1117294",
  URL =          "https://doi.org/10.1021/jp1117294",
  year =         "2011",
  month =        apr,
  publisher =    "American Chemical Society ({ACS})",
  volume =       "115",
  number =       "16",
  pages =        "8126--8135",
  author =       "Ravichandar Babarao and Sheng Dai and De-en Jiang",
  title =        "Effect of Pore Topology and Accessibility on Gas
                 Adsorption Capacity in Zeolitic-Imidazolate Frameworks:
                 Bringing Molecular Simulation Close to Experiment",
  journal =      "The Journal of Physical Chemistry C",
}

@Article{AK1991,
  doi =          "10.1021/j100161a070",
  URL =          "https://doi.org/10.1021/j100161a070",
  year =         "1991",
  month =        apr,
  publisher =    "American Chemical Society ({ACS})",
  volume =       "95",
  number =       "8",
  pages =        "3358--3363",
  author =       "Anthony K. Rappe and William A. Goddard",
  title =        "Charge equilibration for molecular dynamics
                 simulations",
  journal =      "The Journal of Physical Chemistry",
}

@Book{allen2017computer,
  title =        "Computer simulation of liquids",
  author =       "Michael P Allen and Dominic J Tildesley",
  year =         "2017",
  publisher =    "Oxford university press",
}

@Article{Fang2014,
  doi =          "10.1039/c3ta13073h",
  URL =          "https://doi.org/10.1039/c3ta13073h",
  year =         "2014",
  publisher =    "Royal Society of Chemistry ({RSC})",
  volume =       "2",
  number =       "2",
  pages =        "274--291",
  author =       "Hanjun Fang and Hakan Demir and Preeti Kamakoti and
                 David S. Sholl",
  title =        "Recent developments in first-principles force fields
                 for molecules in nanoporous materials",
  journal =      "J. Mater. Chem. A",
}

@Article{Sevillano2012,
  doi =          "10.1021/jp3107167",
  URL =          "https://doi.org/10.1021/jp3107167",
  year =         "2012",
  month =        dec,
  publisher =    "American Chemical Society ({ACS})",
  volume =       "117",
  number =       "1",
  pages =        "466--471",
  author =       "Juan Jos{\'{e}} Guti{\'{e}}rrez Sevillano and
                 Sof{\'{\i}}a Calero and Conchi O. Ania and Jos{\'{e}}
                 B. Parra and Freek Kapteijn and Jorge Gascon and Said
                 Hamad",
  title =        "Toward a Transferable Set of Charges to Model Zeolitic
                 Imidazolate Frameworks: Combined
                 Experimental{\textendash}Theoretical Research",
  journal =      "The Journal of Physical Chemistry C",
}

@Article{Lin2014,
  doi =          "10.1021/ct500094w",
  URL =          "https://doi.org/10.1021/ct500094w",
  year =         "2014",
  month =        mar,
  publisher =    "American Chemical Society ({ACS})",
  volume =       "10",
  number =       "4",
  pages =        "1477--1488",
  author =       "Li-Chiang Lin and Kyuho Lee and Laura Gagliardi and
                 Jeffrey B. Neaton and Berend Smit",
  title =        "Force-Field Development from Electronic Structure
                 Calculations with Periodic Boundary Conditions:
                 Applications to Gaseous Adsorption and Transport in
                 Metal{\textendash}Organic Frameworks",
  journal =      "Journal of Chemical Theory and Computation",
}

@Article{Bureekaew2013,
  doi =          "10.1002/pssb.201248460",
  URL =          "https://doi.org/10.1002/pssb.201248460",
  year =         "2013",
  month =        mar,
  publisher =    "Wiley-Blackwell",
  volume =       "250",
  number =       "6",
  pages =        "1128--1141",
  author =       "Sareeya Bureekaew and Saeed Amirjalayer and Maxim
                 Tafipolsky and Christian Spickermann and Tapta Kanchan
                 Roy and Rochus Schmid",
  title =        "{MOF}-{FF} - {A} flexible first-principles derived
                 force field for metal-organic frameworks",
  journal =      "physica status solidi (b)",
}

@Article{sumida2011carbon,
  title =        "Carbon dioxide capture in metal--organic frameworks",
  author =       "Kenji Sumida and David L Rogow and Jarad A Mason and
                 Thomas M McDonald and Eric D Bloch and Zoey R Herm and
                 Tae-Hyun Bae and Jeffrey R Long",
  journal =      "Chemical reviews",
  volume =       "112",
  number =       "2",
  pages =        "724--781",
  year =         "2011",
  publisher =    "ACS Publications",
}

@Article{li2011metal,
  title =        "Metal--organic frameworks for separations",
  author =       "Jian-Rong Li and Julian Sculley and Hong-Cai Zhou",
  journal =      "Chemical reviews",
  volume =       "112",
  number =       "2",
  pages =        "869--932",
  year =         "2011",
  publisher =    "ACS Publications",
}

@Article{Cychosz2010,
  doi =          "10.1039/c0sc00144a",
  URL =          "https://doi.org/10.1039/c0sc00144a",
  year =         "2010",
  publisher =    "Royal Society of Chemistry ({RSC})",
  volume =       "1",
  number =       "3",
  pages =        "293",
  author =       "Katie A. Cychosz and Rashid Ahmad and Adam J.
                 Matzger",
  title =        "Liquid phase separations by crystalline microporous
                 coordination polymers",
  journal =      "Chemical Science",
}

@Article{Calero2004,
  doi =          "10.1021/ja0476056",
  URL =          "https://doi.org/10.1021/ja0476056",
  year =         "2004",
  month =        sep,
  publisher =    "American Chemical Society ({ACS})",
  volume =       "126",
  number =       "36",
  pages =        "11377--11386",
  author =       "Sof{\'{\i}}a Calero and David Dubbeldam and Rajamani
                 Krishna and Berend Smit and Thijs J. H. Vlugt and Joeri
                 F. M. Denayer and Johan A. Martens and Theo L. M.
                 Maesen",
  title =        "Understanding the Role of Sodium during Adsorption:~
                 {A} Force Field for Alkanes in Sodium-Exchanged
                 Faujasites",
  journal =      "Journal of the American Chemical Society",
}

@Article{MartnCalvo2012,
  doi =          "10.1021/jp211563e",
  URL =          "https://doi.org/10.1021/jp211563e",
  year =         "2012",
  month =        mar,
  publisher =    "American Chemical Society ({ACS})",
  volume =       "116",
  number =       "11",
  pages =        "6655--6663",
  author =       "Ana Mart{\'{\i}}n-Calvo and Francisco D.
                 Lahoz-Mart{\'{\i}}n and Sof{\'{\i}}a Calero",
  title =        "Understanding Carbon Monoxide Capture Using
                 Metal{\textendash}Organic Frameworks",
  journal =      "The Journal of Physical Chemistry C",
}

@Article{Wilmer2011,
  doi =          "10.1038/nchem.1192",
  URL =          "https://doi.org/10.1038/nchem.1192",
  year =         "2011",
  month =        nov,
  publisher =    "Springer Nature",
  volume =       "4",
  number =       "2",
  pages =        "83--89",
  author =       "Christopher E. Wilmer and Michael Leaf and Chang Yeon
                 Lee and Omar K. Farha and Brad G. Hauser and Joseph T.
                 Hupp and Randall Q. Snurr",
  title =        "Large-scale screening of hypothetical
                 metal{\textendash}organic frameworks",
  journal =      "Nature Chemistry",
}

@Article{Dubbeldam2012,
  doi =          "10.1002/ange.201205040",
  URL =          "https://doi.org/10.1002/ange.201205040",
  year =         "2012",
  month =        oct,
  publisher =    "Wiley-Blackwell",
  volume =       "124",
  number =       "47",
  pages =        "12037--12041",
  author =       "David Dubbeldam and Rajamani Krishna and Sof{\'{\i}}a
                 Calero and Ahmet {\"{O}}zg{\"{u}}r Yazayd{\i}n",
  title =        "Computer-Assisted Screening of Ordered Crystalline
                 Nanoporous Adsorbents for Separation of Alkane
                 Isomers",
  journal =      "Angewandte Chemie",
}

@Article{Thornton2012,
  doi =          "10.1039/c2ee21743k",
  URL =          "https://doi.org/10.1039/c2ee21743k",
  year =         "2012",
  publisher =    "Royal Society of Chemistry ({RSC})",
  volume =       "5",
  number =       "6",
  pages =        "7637",
  author =       "Aaron W. Thornton and David Dubbeldam and Ming S. Liu
                 and Bradley P. Ladewig and Anita J. Hill and Matthew R.
                 Hill",
  title =        "Feasibility of zeolitic imidazolate framework
                 membranes for clean energy applications",
  journal =      "Energy {\&} Environmental Science",
}

@Article{Dren2009,
  doi =          "10.1039/b803498m",
  URL =          "https://doi.org/10.1039/b803498m",
  year =         "2009",
  publisher =    "Royal Society of Chemistry ({RSC})",
  volume =       "38",
  number =       "5",
  pages =        "1237",
  author =       "Tina D{\"{u}}ren and Youn-Sang Bae and Randall Q.
                 Snurr",
  title =        "Using molecular simulation to characterise
                 metal{\textendash}organic frameworks for adsorption
                 applications",
  journal =      "Chemical Society Reviews",
}

@Book{Reedijk2013,
  title =        "Adsorption in Metal-Organic Frameworks in:
                 Comprehensive Inorganic Chemistry {II}",
  publisher =    "Elsevier",
  year =         "2013",
  author =       "S. Calero",
  editor =       "Jan Reedijk Kenneth and R. Poeppelmeier",
  series =       "From Elements to Applications",
  edition =      "2nd Edition",
  ISBN =         "978-0-08-097774-4",
}

@Article{Yu2013,
  doi =          "10.1039/c3sc51319j",
  URL =          "https://doi.org/10.1039/c3sc51319j",
  year =         "2013",
  publisher =    "Royal Society of Chemistry ({RSC})",
  volume =       "4",
  number =       "9",
  pages =        "3544",
  author =       "Decai Yu and A. Ozgur Yazaydin and Joseph R. Lane and
                 Pascal D. C. Dietzel and Randall Q. Snurr",
  title =        "A combined experimental and quantum chemical study of
                 {CO}2 adsorption in the metal{\textendash}organic
                 framework {CPO}-27 with different metals",
  journal =      "Chemical Science",
}

@Article{sillar2009ab,
  title =        "Ab initio study of hydrogen adsorption in {MOF}-5",
  author =       "Kaido Sillar and Alexander Hofmann and Joachim Sauer",
  journal =      "Journal of the American Chemical Society",
  volume =       "131",
  number =       "11",
  pages =        "4143--4150",
  year =         "2009",
  publisher =    "ACS Publications",
}

@Article{SL1990,
  author =       "SL Mayo and BD Olafson and WA Goddard",
  title =        "{DREIDING}: a generic force field for molecular
                 simulations",
  journal =      "J. Phys. Chem.",
  year =         "1990",
  volume =       "94",
  pages =        "8897",
  owner =        "salvador",
  timestamp =    "2013.11.26",
}

@Article{rappe1992uff,
  author =       "Anthony K Rapp{\'e} and Carla J Casewit and KS Colwell
                 and WA {Goddard Iii} and WM Skiff",
  title =        "{UFF}, a full periodic table force field for molecular
                 mechanics and molecular dynamics simulations",
  journal =      "J. Am. Chem. Soc.",
  year =         "1992",
  volume =       "114",
  number =       "25",
  pages =        "10024--10035",
  publisher =    "ACS Publications",
}

@Article{jorgensen1988opls,
  author =       "William L Jorgensen and Julian Tirado-Rives",
  title =        "The {OPLS} [optimized potentials for liquid
                 simulations] potential functions for proteins, energy
                 minimizations for crystals of cyclic peptides and
                 crambin",
  journal =      "J. Am. Chem. Soc.",
  year =         "1988",
  volume =       "110",
  number =       "6",
  pages =        "1657--1666",
  publisher =    "ACS Publications",
}

@Article{MG1998,
  author =       "MG Martin and JI Siepmann",
  title =        "Transferable potentials for phase equilibria. 1.
                 United-atom description of n-alkanes",
  journal =      "J. Phys. Chem. B",
  year =         "1998",
  volume =       "102",
  pages =        "2569",
  owner =        "salvador",
  timestamp =    "2013.11.26",
}

%%%%%%%%%%%%%%%
@Article{Leeuw2001,
  author =       "F. Manon Higgins and Nora H. de Leeuw and Stephen C.
                 Parker",
  title =        "Modelling the effect of water on cation exchange in
                 zeolite {A}",
  journal =      "J. Mater. Chem.",
  year =         "2001",
  volume =       "12",
  number =       "1",
  pages =        "124--131",
  month =        nov,
  doi =          "10.1039/b104069n",
  publisher =    "Royal Society of Chemistry ({RSC})",
}

@Article{Martineau2016,
  author =       "Charlotte Martineau and Mathieu Allix and Matthew R.
                 Suchomel and Florence Porcher and Fran{\c{c}}ois Vivet
                 and Christophe Legein and Monique Body and Dominique
                 Massiot and Francis Taulelle and Franck Fayon",
  title =        "Structure determination of Ba5Al{F13} by coupling
                 electron, synchrotron and neutron powder diffraction,
                 solid-state {NMR} and ab initio calculations",
  journal =      "Dalton Trans.",
  year =         "2016",
  volume =       "45",
  number =       "39",
  pages =        "15565--15574",
  doi =          "10.1039/c6dt02454h",
  publisher =    "Royal Society of Chemistry ({RSC})",
}

@Article{Coombes2009,
  author =       "David S. Coombes and Furio Cora{\`} and Caroline
                 Mellot-Draznieks and Robert G. Bell",
  title =        "Sorption-Induced Breathing in the Flexible Metal
                 Organic Framework {CrMIL}-53: Force-Field Simulations
                 and Electronic Structure Analysis",
  journal =      "J. Phys. Chem. C",
  year =         "2009",
  volume =       "113",
  number =       "2",
  pages =        "544--552",
  month =        jan,
  doi =          "10.1021/jp809408x",
  publisher =    "American Chemical Society ({ACS})",
}

@Article{Hunger2006,
  author =       "Jens Hunger and Ilir A. Beta and Heinz B{\"{o}}hlig
                 and Chris Ling and Herve Jobic and Bernd Hunger",
  title =        "Adsorption Structures of Water in {NaX} Studied by
                 {DRIFT} Spectroscopy and Neutron Powder Diffraction",
  journal =      "J. Phys. Chem. B",
  year =         "2006",
  volume =       "110",
  number =       "1",
  pages =        "342--353",
  month =        jan,
  doi =          "10.1021/jp054636u",
  publisher =    "American Chemical Society ({ACS})",
}

@Article{Sadoc2014,
  author =       "Aymeric Sadoc and Mamata Biswal and Monique Body and
                 Christophe Legein and Florent Boucher and Dominique
                 Massiot and Franck Fayon",
  title =        "{NMR} parameters in column 13 metal fluoride compounds
                 ({AlF}3, {GaF}3, {InF}3 and {TlF}) from first principle
                 calculations",
  journal =      "Solid State Nucl. Magn. Reson.",
  year =         "2014",
  volume =       "59-60",
  pages =        "1--7",
  month =        may,
  doi =          "10.1016/j.ssnmr.2014.01.001",
  publisher =    "Elsevier {BV}",
}

@Article{Zheng2009,
  author =       "Anmin Zheng and Shang-Bin Liu and Feng Deng",
  title =        "19{F} Chemical Shift of Crystalline Metal Fluorides:
                 Theoretical Predictions Based on Periodic Structure
                 Models",
  journal =      "J. Phys. Chem. C",
  year =         "2009",
  volume =       "113",
  number =       "33",
  pages =        "15018--15023",
  month =        aug,
  doi =          "10.1021/jp904454t",
  publisher =    "American Chemical Society ({ACS})",
}

@Article{Vela2012,
  doi =          "10.1038/486007a",
  year =         "2012",
  month =        jun,
  publisher =    "Springer Nature",
  volume =       "486",
  number =       "7401",
  pages =        "7--7",
  author =       "Carmen Vela",
  title =        "Turn Spain's budget crisis into an opportunity",
  journal =      "Nature",
}

@Article{Pickard2001,
  author =       "Chris J. Pickard and Francesco Mauri",
  title =        "All-electron magnetic response with pseudopotentials:
                 {NMR} chemical shifts",
  journal =      "Phys. Rev. B",
  year =         "2001",
  volume =       "63",
  number =       "24",
  month =        may,
  doi =          "10.1103/physrevb.63.245101",
  publisher =    "American Physical Society ({APS})",
}

@Article{Yates2007,
  author =       "Jonathan R. Yates and Chris J. Pickard and Francesco
                 Mauri",
  title =        "Calculation of {NMR} chemical shifts for extended
                 systems using ultrasoft pseudopotentials",
  journal =      "Phys. Rev. B",
  year =         "2007",
  volume =       "76",
  number =       "2",
  month =        jul,
  doi =          "10.1103/physrevb.76.024401",
  publisher =    "American Physical Society ({APS})",
}

@Article{BuenoPerez2018,
  doi =          "10.1002/chem.201705627",
  year =         "2018",
  month =        jan,
  publisher =    "Wiley-Blackwell",
  author =       "Rocio Bueno-Pérez and Salvador R. G. Balestra and
                 Miguel A. Camblor and Jung Gi Min and Suk Bong Hong and
                 Patrick J. Merkling and Sofia Calero",
  title =        "Influence of {F}lexibility on the Separation of Chiral
                 Isomers in the {STW}-Type Zeolite",
  journal =      "Chem. Eur. J.",
}

@Article{DJ1983,
  author =       "DJ Adams",
  title =        "On the use of the {E}wald summation in
                 computer-simulation",
  journal =      "J. Chem. Phys.",
  year =         "1983",
  volume =       "78",
  pages =        "2585",
  owner =        "salvador",
  timestamp =    "2013.11.26",
}

@Article{DJ1974,
  author =       "DJ Adams",
  title =        "Chemical potential of hard-sphere fluids by Monte
                 Carlo methods",
  journal =      "Mol. Phys.",
  year =         "1974",
  volume =       "28",
  pages =        "1241",
  owner =        "salvador",
  timestamp =    "2013.11.26",
}

@Article{DJ1979,
  author =       "DJ Adams and EM Adams and GJ Hills",
  title =        "Computer simulation of polar liquids",
  journal =      "Mol. Phys.",
  year =         "1979",
  volume =       "38",
  pages =        "387",
  owner =        "salvador",
  timestamp =    "2013.11.26",
}

@Article{A2003,
  author =       "A Aguado and PA Madden",
  title =        "Ewald summation of electrostatic multipole
                 interactions up to the quadrupolar level",
  journal =      "J. Chem. Phys.",
  year =         "2003",
  volume =       "119",
  pages =        "7471",
  owner =        "salvador",
  timestamp =    "2013.11.26",
}

@Article{E2008,
  author =       "E Akhmatskaya and S Reich",
  title =        "{GSHMC}: an efficient method for molecular
                 simulation",
  journal =      "J. Comput. Phys.",
  year =         "2008",
  volume =       "227",
  pages =        "4934",
  owner =        "salvador",
  timestamp =    "2013.11.26",
}

@Article{RA1997,
  author =       "R. A. Alberty",
  title =        "Legendre transforms in chemical thermodynamics",
  journal =      "J. Chem. Thermo.",
  year =         "1997",
  volume =       "29",
  pages =        "501",
  owner =        "salvador",
  timestamp =    "2013.11.26",
}

@Article{A908622F,
  author =       "Neil L. Allan and Gustavo D. Barrera and John A.
                 Purton and Chris E. Sims and Mark B. Taylor",
  title =        "Ionic solids at elevated temperatures and/or high
                 pressures: lattice dynamics{,} molecular dynamics{,}
                 Monte Carlo and ab initio studies",
  journal =      "Phys. Chem. Chem. Phys.",
  year =         "2000",
  volume =       "2",
  pages =        "1099--1111",
  doi =          "10.1039/A908622F",
  issue =        "6",
  publisher =    "The Royal Society of Chemistry",
}

@Article{NL1996,
  author =       "NL Allinger and K Chen and J-H Lii",
  title =        "An improved force field ({MM4}) for saturated
                 hydrocarbons",
  journal =      "J. Comp. Chem.",
  year =         "1996",
  volume =       "17",
  pages =        "642",
  owner =        "salvador",
  timestamp =    "2013.11.26",
}

@Article{NL1977,
  author =       "N. L. Allinger",
  title =        "Conformational analysis 130. {MM2}. {A} hydrocarbon
                 force field utilizing {V1} and {V2} torsional terms",
  journal =      "J. Am. Chem. Soc.",
  year =         "1977",
  volume =       "99",
  pages =        "8127",
  owner =        "salvador",
  timestamp =    "2013.11.26",
}

@Article{AlmoraBarrios2001,
  author =       "Neyvis Almora-Barrios and A. Rabdel Ruiz-Salvador and
                 Ariel G{\'{o}}mez and Manisha Mistry and Dewi W.
                 Lewis",
  title =        "Understanding Si/Al distributions in Al-rich zeolites:
                 the role of water in determining the structure of
                 Goosecreekite",
  journal =      "Chem. Commun.",
  year =         "2001",
  number =       "6",
  pages =        "531--532",
  doi =          "10.1039/b009623g",
  publisher =    "Royal Society of Chemistry ({RSC})",
}

@Article{andirova2016effect,
  author =       "Dinara Andirova and Christopher F Cogswell and Yu Lei
                 and Sunho Choi",
  title =        "Effect of the structural constituents of metal organic
                 frameworks on carbon dioxide capture",
  journal =      "Microporous Mesoporous Mater.",
  year =         "2016",
  volume =       "219",
  pages =        "276--305",
  publisher =    "Elsevier",
}

@Article{P1995,
  author =       "P. Attard",
  title =        "On the density of volume states in the isobaric
                 ensemble",
  journal =      "J. Chem. Phys.",
  year =         "1995",
  volume =       "103",
  pages =        "9884",

?? Non-alphabetic character begins a field name.
  __markedentry = "[mcplatano:1]",
  owner =        "salvador",
  timestamp =    "2013.11.26",
}

@Article{awaiti2013,
  author =       "Rohan V. Awati and Peter I. Ravikovitch and David S.
                 Sholl",
  title =        "Efficient and Accurate Methods for Characterizing
                 Effects of Framework Flexibility on Molecular Diffusion
                 in Zeolites: {CH4} Diffusion in Eight Member Ring
                 Zeolites",
  journal =      "J. Phys. Chem. C",
  year =         "2013",
  volume =       "117",
  pages =        "13462--13473",
  number =       "26",
  doi =          "10.1021/jp402959t",
  eprint =       "http://pubs.acs.org/doi/pdf/10.1021/jp402959t",
  owner =        "salvador",
  timestamp =    "2014.03.05",
}

@Article{Baker,
  author =       "Jon Baker",
  title =        "An algorithm for the location of transition states",
  journal =      "J. Comput. Chem.",
  year =         "1986",
  volume =       "7",
  pages =        "385--395",
  number =       "4",
  doi =          "10.1002/jcc.540070402",
  ISSN =         "1096-987X",
  owner =        "salvador",
  publisher =    "John Wiley \& Sons, Inc.",
  timestamp =    "2013.11.26",
}

@Article{Balestra2016,
  doi =          "10.1021/acs.chemmater.6b03457",
  year =         "2016",
  month =        nov,
  publisher =    "American Chemical Society ({ACS})",
  volume =       "28",
  number =       "22",
  eprint =       "1610.08122",
  archiveprefix = "arXiv",
  pages =        "8296--8304",
  author =       "Salvador R. G. Balestra and Rocio Bueno-Perez and Said
                 Hamad and David Dubbeldam and A. Rabdel Ruiz-Salvador
                 and Sofia Calero",
  title =        "Controlling Thermal Expansion: {A}
                 Metal{\textendash}Organic Frameworks Route",
  journal =      "Chem. Mater.",
}

@Article{Balestra2015,
  author =       "Salvador R. G. Balestra and Said Hamad and A. Rabdel
                 Ruiz-Salvador and Virginia
                 Dom{\'{\i}}nguez-Garc{\'{\i}}a and Patrick J. Merkling
                 and David Dubbeldam and Sof{\'{\i}}a Calero",
  title =        "Understanding Nanopore Window Distortions in the
                 Reversible Molecular Valve Zeolite {RHO}",
  journal =      "Chem. Mater.",
  year =         "2015",
  volume =       "27",
  pages =        "5657--5667",
  number =       "16",
  month =        aug,
  doi =          "10.1021/acs.chemmater.5b02103",
  publisher =    "American Chemical Society ({ACS})",
}

@Article{Balestra2013,
  author =       "Salvador R. G. Balestra and Juan José
                 Gutierrez-Sevillano and Patrick J. Merkling and David
                 Dubbeldam and Sofía Calero",
  title =        "Simulation Study of Structural Changes in Zeolite
                 {RHO}",
  journal =      "J. Phys. Chem. C",
  year =         "2013",
  volume =       "117",
  pages =        "11592--11599",
  number =       "22",
  doi =          "10.1021/jp4026283",
  oi =           "Calero, Sofia/0000-0001-9535-057X",
  owner =        "salvador",
  ri =           "Calero, Sofia/G-3144-2010",
  sn =           "1932-7447",
  tc =           "0",
  timestamp =    "2014.01.20",
}

@Article{BJ2004,
  author =       "BJ Banaszak and R Faller and JJ de Pablo",
  title =        "Simulation of the effects of chain architecture on the
                 sorption of ethylene in polyethylene",
  journal =      "J. Chem. Phys.",
  year =         "2004",
  volume =       "120",
  pages =        "11304",
  owner =        "salvador",
  timestamp =    "2013.11.26",
}

@Article{banks201450th,
  author =       "Leslie Banks-Sills",
  title =        "50th anniversary article: review on interface fracture
                 and delamination of composites",
  journal =      "Strain",
  year =         "2014",
  volume =       "50",
  pages =        "98--110",
  number =       "2",
  publisher =    "Wiley Online Library",
}

@Article{barrera2005negative,
  author =       "GD Barrera and JAO Bruno and THK Barron and NL Allan",
  title =        "Negative thermal expansion",
  journal =      "J. Phys.: Condens. Matter",
  year =         "2005",
  volume =       "17",
  number =       "4",
  pages =        "R217",
  publisher =    "IOP Publishing",
}

@Article{Barrett2003,
  author =       "Philip A. Barrett and Teresa Boix and Marta Puche and
                 David H. Olson and Edgar Jordan and Hubert Koller and
                 Miguel A. Camblor",
  title =        "{ITQ}-12: a new microporous silica polymorph
                 potentially useful for light hydrocarbon separations",
  journal =      "Chem. Commun.",
  year =         "2003",
  number =       "17",
  pages =        "2114",
  doi =          "10.1039/b306440a",
  publisher =    "Royal Society of Chemistry ({RSC})",
}

@Article{begum2015water,
  author =       "S Begum and S Horike and S Kitagawa and H
                 Krautscheid",
  title =        "Water stable triazolyl phosphonate {MOF}s: steep water
                 uptake and facile regeneration",
  journal =      "Dalton Trans.",
  year =         "2015",
  volume =       "44",
  number =       "43",
  pages =        "18727--18730",
  publisher =    "Royal Society of Chemistry",
}

@Article{bellarosa2012mechanism,
  author =       "Luca Bellarosa and Juan Manuel Castillo and Thijs
                 Vlugt and Sof{\'\i}a Calero and N{\'u}ria L{\'o}pez",
  title =        "On the Mechanism Behind the Instability of
                 Isoreticular Metal--Organic Frameworks ({IRMOF}s) in
                 Humid Environments",
  journal =      "Chem.--Eur. J.",
  year =         "2012",
  volume =       "18",
  number =       "39",
  pages =        "12260--12266",
  publisher =    "Wiley Online Library",
}

@Article{bennett2015mechanical,
  author =       "TD Bennett and J Sotelo and Jin-Chong Tan and SA
                 Moggach",
  title =        "Mechanical properties of zeolitic metal--organic
                 frameworks: mechanically flexible topologies and
                 stabilization against structural collapse",
  journal =      "CrystEngComm",
  year =         "2015",
  volume =       "17",
  pages =        "286--289",
  number =       "2",
  publisher =    "Royal Society of Chemistry",
}

@Article{BA1991,
  author =       "BA Berg and T Neuhaus",
  title =        "Multicanonical algorithms for first order phase
                 transitions",
  journal =      "Phys. Lett. B",
  year =         "1991",
  volume =       "267",
  pages =        "249",
  owner =        "salvador",
  timestamp =    "2013.11.26",
}

@Article{doi:10.1021/nn101499d,
  author =       "Andrea Bernardos and Laura Mondragón and Elena Aznar
                 and M. Dolores Marcos and Ramón Martínez-Máñez and
                 Félix Sancenón and Juan Soto and José Manuel Barat
                 and Enrique Pérez-Payá and Carmen Guillem and Pedro
                 Amorós",
  title =        "Enzyme-Responsive Intracellular Controlled Release
                 Using Nanometric Silica Mesoporous Supports Capped with
                 “Saccharides”",
  journal =      "ACS Nano",
  year =         "2010",
  volume =       "4",
  pages =        "6353--6368",
  number =       "11",
  doi =          "10.1021/nn101499d",
  eprint =       "http://pubs.acs.org/doi/pdf/10.1021/nn101499d",
}

@Book{berne1998classical,
  title =        "Classical and Quantum Dynamics in Condensed Phase
                 Simulations: Proceedings of the International School of
                 Physics {"}Computer Simulation of Rare Events and the
                 Dynamics of Classical and Quantum Condensed-Phase
                 Systems{"}",
  publisher =    "World Scientific Publishing Company, Incorporated",
  year =         "1998",
  author =       "B. J. Berne and G. Ciccotti and D. F. Coker and .
                 Societ{\'a} italiana di fisica",
  series =       "Euroconference on {"}Technical Advances in
                 Particle-Based Computational Material Sicences{"}",
  edition =      "Lerici, 7 July - 18 July 1997",
  ISBN =         "978-981-02-3498-0",
}

@Article{RHO_simulation_temperature_Sr,
  author =       "Anna Bieniok and Werner H. Baur",
  title =        "A large volume contraction accompanies the low- to
                 high-temperature phase transition of zeolite Sr-rho",
  journal =      "J. Solid State Chem.",
  year =         "1991",
  volume =       "90",
  pages =        "173--177",
  number =       "1",
  ISSN =         "0022-4596",
  owner =        "salvador",
  timestamp =    "2013.11.26",
}

@Article{Blasco2004,
  author =       "Teresa Blasco and Avelino Corma and Maria Jos{\'{e}}
                 D{\'{\i}}az-Caba{\~{n}}as and Fernando Rey and Jordi
                 Rius and German Sastre and Jos{\'{e}} A. Vidal-Moya",
  title =        "Synthesis, Characterization, and Framework Heteroatom
                 Localization in {ITQ}-21",
  journal =      "J. Am. Chem. Soc.",
  year =         "2004",
  volume =       "126",
  number =       "41",
  pages =        "13414--13423",
  month =        oct,
  doi =          "10.1021/ja047990z",
  publisher =    "American Chemical Society ({ACS})",
}

@Article{Blasco2002,
  author =       "Teresa Blasco and Avelino Corma and M Jos{\'{e}}
                 D{\'{\i}}az-Caba{\~{n}}as and Fernando Rey and
                 Jos{\'{e}} A. Vidal-Moya and Claudio M.
                 Zicovich-Wilson",
  title =        "Preferential Location of Ge in the Double
                 Four-Membered Ring Units of {ITQ}-7 Zeolite",
  journal =      "J. Phys. Chem. B",
  year =         "2002",
  volume =       "106",
  number =       "10",
  pages =        "2634--2642",
  month =        mar,
  doi =          "10.1021/jp013302b",
  publisher =    "American Chemical Society ({ACS})",
}

@Article{S1998,
  author =       "S {Bogusz } and TE Cheatham and BR Brooks",
  title =        "Removal of pressure and free energy artifacts in
                 charged periodic systems via net charge corrections to
                 the Ewald potential",
  journal =      "J. Chem. Phys.",
  year =         "1998",
  volume =       "108",
  pages =        "7070",
  owner =        "salvador",
  timestamp =    "2013.11.26",
}

@Article{SD1999,
  author =       "SD Bond and BJ Leimkuhler and BB Laird",
  title =        "The Nosé Poincare method for constant temperature
                 molecular dynamics",
  journal =      "J Comp Phys",
  year =         "1999",
  volume =       "151",
  pages =        "114",
  owner =        "salvador",
  timestamp =    "2013.11.26",
}

@Article{M1912,
  author =       "M Born and Th von Karman",
  title =        "Uber schwingungen in raumgittern",
  journal =      "Physik Z",
  year =         "1912",
  volume =       "13",
  pages =        "297",
  owner =        "salvador",
  timestamp =    "2013.11.26",
}

@Article{boutin2010behavior,
  author =       "Anne Boutin and Fran{\c{c}}ois-Xavier Coudert and
                 Marie-Anne Springuel-Huet and Alexander V Neimark and
                 G{\'e}rard F{\'e}rey and Alain H Fuchs",
  title =        "The behavior of flexible {MIL}-53 (\ce{Al}) upon
                 \ce{CH4} and \ce{CO2} adsorption",
  journal =      "J. Phys. Chem. C",
  year =         "2010",
  volume =       "114",
  number =       "50",
  pages =        "22237--22244",
  publisher =    "ACS Publications",
}

@Article{BJ2011,
  author =       "BJ Brewer and LB Pártay and G Csányi",
  title =        "Diffusive nested sampling",
  journal =      "Stat Comput",
  year =         "2011",
  volume =       "21",
  pages =        "649",
  owner =        "salvador",
  timestamp =    "2013.11.26",
}

@Book{brey,
  title =        "Mec{\'a}nica estad{\'\i}stica",
  publisher =    "Universidad Nacional de Educación a Distancia",
  year =         "2001",
  author =       "J. J. Brey and J. de la Rubia Pacheco and J. de la
                 Rubia Sánchez",
  ISBN =         "84-362-4572-5",
  owner =        "salvador",
  timestamp =    "2013.11.26",
}

@Article{review_nano,
  author =       "Wesley R. Browne and Ben L. Feringa",
  title =        "Making molecular machines work",
  journal =      "Nat. Nano",
  year =         "2006",
  volume =       "1",
  pages =        "25--35",
  number =       "1",
  month =        "10",
  date =         "2006/10//print",
  date-added =   "2014-07-22 10:16:55 +0000",
  date-modified = "2014-07-22 10:16:55 +0000",
  doi =          "10.1038/nnano.2006.45",
  ISBN =         "1748-3387",
  m3 =           "10.1038/nnano.2006.45",
  publisher =    "Nature Publishing Group",
}

@Article{AD2002,
  author =       "AD Bruce and NB Wilding",
  title =        "Computational strategies for mapping equilibrium phase
                 diagrams",
  journal =      "Adv. Chem. Phys.",
  year =         "2002",
  volume =       "127",
  pages =        "1",
  owner =        "salvador",
  timestamp =    "2013.11.26",
}

@Article{AD1997,
  author =       "AD Bruce and NB Wilding and GJ Ackland",
  title =        "Free energy of crystalline solids: a lattice-switch
                 Monte Carlo method",
  journal =      "Phys. Rev. Lett.",
  year =         "1997",
  volume =       "79",
  pages =        "3002",
  owner =        "salvador",
  timestamp =    "2013.11.26",
}

@Article{BuenoPerez2012,
  author =       "Rocio Bueno-P\'{e}rez and Sof\'{i}a Calero and David
                 Dubbeldam and O. {Ania, Conchi} and Jos\'e B. Parra and
                 Ana Paula Zaderenko and Patrick J. Merkling",
  title =        "Zeolite Force Fields and Experimental Siliceous
                 Frameworks in a Comparative Infrared Study",
  journal =      "J. Phys. Chem. C",
  year =         "2012",
  volume =       "116",
  pages =        "25797--25805",
  number =       "49",
  owner =        "salvador",
  timestamp =    "2013.11.26",
}

@Article{caleman2011force,
  author =       "Carl Caleman and Paul J van Maaren and Minyan Hong and
                 Jochen S Hub and Luciano T Costa and David van der
                 Spoel",
  title =        "Force field benchmark of organic liquids: density,
                 enthalpy of vaporization, heat capacities, surface
                 tension, isothermal compressibility, volumetric
                 expansion coefficient, and dielectric constant",
  journal =      "J. Chem. Theory Comput.",
  year =         "2011",
  volume =       "8",
  number =       "1",
  pages =        "61--74",
  publisher =    "ACS Publications",
}

@Article{F1995,
  author =       "F Calvo and P Labastie",
  title =        "Configurational density of states from molecular
                 dynamics simulations",
  journal =      "Chem. Phys. Lett.",
  year =         "1995",
  volume =       "247",
  pages =        "395",
  owner =        "salvador",
  timestamp =    "2013.11.26",
}

@Article{Camblor2001,
  author =       "Miguel A. Camblor and Philip A. Barrett and
                 María-José Díaz-Cabañas and Luis A. Villaescusa and
                 Marta Puche and Teresa Boix and Eva Pérez and Hubert
                 Koller",
  title =        "High silica zeolites with three-dimensional systems of
                 large pore channels",
  journal =      "Microporous Mesoporous Mater.",
  year =         "2001",
  volume =       "48",
  number =       "1-3",
  pages =        "11--22",
  month =        nov,
  doi =          "10.1016/s1387-1811(01)00325-0",
  publisher =    "Elsevier {BV}",
}

@Article{Camblor1992,
  author =       "Miguel A. Camblor and Avelino Corma and Agust{\'{\i}}n
                 Mart{\'{\i}}nez and Joaqu{\'{\i}}n
                 P{\'{e}}rez-Pariente",
  title =        "Synthesis of a titaniumsilicoaluminate isomorphous to
                 zeolite beta and its application as a catalyst for the
                 selective oxidation of large organic molecules",
  journal =      "J. Chem. Soc., Chem. Commun.",
  year =         "1992",
  volume =       "0",
  pages =        "589--590",
  number =       "8",
  doi =          "10.1039/c39920000589",
  publisher =    "Royal Society of Chemistry ({RSC})",
}

@Article{Camblor1996f,
  author =       "Miguel A. Camblor and Suk Bong Hong and Mark E.
                 Davis",
  title =        "Unexpected contraction of a zeolite framework upon
                 isomorphous substitution of Si by Al",
  journal =      "Chem. Commun.",
  year =         "1996",
  number =       "3",
  pages =        "425",
  doi =          "10.1039/cc9960000425",
  publisher =    "Royal Society of Chemistry ({RSC})",
}

@Article{C2009,
  author =       "C Campana and B Mussard and TK Woo",
  title =        "Electrostatic potential derived atomic charges for
                 periodic systems using a modified error functional",
  journal =      "J. Chem. Theory Comput.",
  year =         "2009",
  volume =       "5",
  pages =        "2866",
  owner =        "salvador",
  timestamp =    "2013.11.26",
}

@Article{PhysRevLett.55.2471,
  author =       "R. Car and M. Parrinello",
  title =        "Unified Approach for Molecular Dynamics and
                 Density-Functional Theory",
  journal =      "Phys. Rev. Lett.",
  year =         "1985",
  volume =       "55",
  pages =        "2471--2474",
  month =        nov,
  issue =        "22",
  owner =        "salvador",
  publisher =    "American Physical Society",
  timestamp =    "2013.11.26",
}

@Article{carey,
  author =       "Thomas Carey and Avelino Corma and Fernando Rey and
                 Chiu C. Tang and Joseph A. Hriljac and Paul A.
                 Anderson",
  title =        "The effect of extra framework species on the intrinsic
                 negative thermal expansion property of zeolites with
                 the {LTA} topology",
  journal =      "Chem. Commun.",
  year =         "2012",
  volume =       "48",
  pages =        "5829--5831",
  abstract =     "X-Ray powder diffraction studies have been used to
                 measure the thermal expansion properties of three
                 zeolites with the LTA topology and provide details of
                 the underlying structural changes. Siliceous ITQ-29 and
                 dehydrated and hydrated silver zeolite A have large
                 negative{,} moderate negative and positive thermal
                 expansion coefficients{,} respectively.",
  doi =          "10.1039/C2CC30582H",
  issue =        "47",
  owner =        "salvador",
  publisher =    "The Royal Society of Chemistry",
  timestamp =    "2013.11.26",
}

@Article{carey2014chemical,
  author =       "Thomas Carey and Chiu C Tang and Joseph A Hriljac and
                 Paul A Anderson",
  title =        "Chemical control of thermal expansion in
                 cation-exchanged zeolite {A}",
  journal =      "Chem. Mater.",
  year =         "2014",
  volume =       "26",
  number =       "4",
  pages =        "1561--1566",
  publisher =    "ACS Publications",
}

@Article{Catlow1994511,
  author =       "C. R. A. Catlow and R. G. Bell",
  title =        "Ions and ionic motion in microporous materials",
  journal =      "Solid State Ionics",
  year =         "1994",
  volume =       "70–71, Part 1",
  number =       "0",
  pages =        "511--517",
  ISSN =         "0167-2738",
  doi =          "10.1016/0167-2738(94)90363-8",
}

@Article{Caullet1991,
  author =       "Po Caullet and JL Guth and J Hazm and JM Lamblin and H
                 Gies",
  journal =      "Eur. J. Sol. State Inor.",
  year =         "1991",
  volume =       "22",
  pages =        "345--361",
  number =       "28",
}

@Book{zeolites_book_2007,
  title =        "Introduction to Zeolite. Science and Practice",
  publisher =    "Elsevier",
  year =         "2007",
  author =       "Jiri Cejka and Herman van Bekkum and Avelino Corma and
                 F Schueth",
  volume =       "168",
  pages =        "1094",
  owner =        "salvador",
  timestamp =    "2013.11.19",
}

@Book{chandler1987introduction,
  title =        "Introduction to modern statistical mechanics",
  publisher =    "Oxford University Press",
  year =         "1987",
  author =       "David Chandler",
  volume =       "1",
  ISBN =         "978-0-19-504277-1",
}

@Book{chapman2007fortran,
  title =        "Fortran 95/2003 for Scientists \& Engineers",
  publisher =    "McGraw-Hill Companies,Incorporated",
  year =         "2007",
  author =       "S. Chapman",
  ISBN =         "978-0-07-319157-7",
  LCCN =         "2006103563",
  owner =        "salvador",
  timestamp =    "2013.11.26",
}

@Article{A2007,
  author =       "A Chatterjee and DG Vlachos",
  title =        "An overview of spatial microscopic and accelerated
                 Kinetic Monte Carlo methods",
  journal =      "J Comput Mater Design",
  year =         "2007",
  volume =       "14",
  pages =        "253",
  owner =        "salvador",
  timestamp =    "2013.11.26",
}

@Article{S2003,
  author =       "S Chempath and LA Clark and RQ Snurr",
  title =        "Two general methods for grand canonical ensemble
                 simulation of molecules with internal flexibility",
  journal =      "J. Chem. Phys.",
  year =         "2003",
  volume =       "118",
  pages =        "7635",
  owner =        "salvador",
  timestamp =    "2013.11.26",
}

@Article{B2001,
  author =       "B Chen and JI Siepmann",
  title =        "Improving the efficiency of the
                 aggregation-volume-bias Monte Carlo algorithm",
  journal =      "J. Phys. Chem. B",
  year =         "2001",
  volume =       "105",
  pages =        "11275",
  owner =        "salvador",
  timestamp =    "2013.11.26",
}

@Article{B1999,
  author =       "B Chen and JI Siepmann",
  title =        "Transferable potentials for phase equilibria. 3.
                 Explicit-hydrogen description of normal alkanes",
  journal =      "J. Phys. Chem. B",
  year =         "1999",
  volume =       "103",
  pages =        "5370",
  owner =        "salvador",
  timestamp =    "2013.11.26",
}

@Article{ChenZ.2000,
  author =       "Z. Chen and F. A. Escobedo",
  title =        "A configurational-bias approach for the simulation of
                 linear and cyclic molecules",
  journal =      "J. Chem. Phys.",
  year =         "2000",
  volume =       "113",
  pages =        "11382",
  owner =        "salvador",
  timestamp =    "2013.11.26",
}

@Article{H-P1992,
  author =       "H-P Cheng and X Li and RL Whetten and RS Berry",
  title =        "Complete statistical thermodynamics of the cluster
                 solid-liquid transition",
  journal =      "Phys. Rev. A",
  year =         "1992",
  volume =       "46",
  pages =        "791",
  owner =        "salvador",
  timestamp =    "2013.11.26",
}

@Article{collings2014geometric,
  author =       "Ines E Collings and Matthew G Tucker and David A Keen
                 and Andrew L Goodwin",
  title =        "Geometric switching of linear to area negative thermal
                 expansion in uniaxial metal--organic frameworks",
  journal =      "CrystEngComm",
  year =         "2014",
  volume =       "16",
  pages =        "3498--3506",
  number =       "17",
  publisher =    "Royal Society of Chemistry",
}

@Article{S1999a,
  author =       "S Consta and TJH Vlugt and Hoeth J Wichers and B Smit
                 and D Frenkel",
  title =        "Recoil growth algorithm for chain molecules with
                 continuous interactions",
  journal =      "Mol. Phys.",
  year =         "1999",
  volume =       "97",
  pages =        "1243",
  owner =        "salvador",
  timestamp =    "2013.11.26",
}

@Article{S1999,
  author =       "S. Consta and N. B. Wilding and D. Frenkel and Z.
                 Alexandrowicz",
  title =        "Recoil growth: an efficient simulation method for
                 multi-polymer systems",
  journal =      "J. Chem. Phys.",
  year =         "1999",
  volume =       "110",
  pages =        "3220",
  owner =        "salvador",
  timestamp =    "2013.11.26",
}

@Article{RHO_divalent_cation_jacs,
  author =       "David R. Corbin and L. Abrams and G. A. Jones and M.
                 M. Eddy and W. T. A. Harrison and G. D. Stucky and D.
                 E. Cox",
  title =        "Flexibility of the zeolite {RHO} framework: in situ
                 x-ray and neutron powder structural characterization of
                 divalent cation-exchanged zeolite {RHO}",
  journal =      "J. Am. Chem. Soc.",
  year =         "1990",
  volume =       "112",
  pages =        "4821--4830",
  number =       "12",
  owner =        "salvador",
  timestamp =    "2013.11.26",
}

@Article{WD1992,
  author =       "WD Cornell and P Cieplak and CI Bayly and IR Gould and
                 KM Merz and DM Ferguson and DC Spellmeyer and T Fox and
                 JW Caldwell and PA Kollman",
  title =        "A second generation force field for the simulation of
                 proteins, nucleic acids and organic molecules",
  journal =      "J. Am. Chem. Soc.",
  year =         "1992",
  volume =       "117",
  pages =        "5179",
  owner =        "salvador",
  timestamp =    "2013.11.26",
}

@Article{DS1998,
  author =       " {Corti, DS} and G Soto-Campus",
  title =        "Deriving the isothermal-isobaric ensemble: the
                 requirement of a ‘shell’ molecule and applicability
                 to small systems",
  journal =      "J. Chem. Phys.",
  year =         "1998",
  volume =       "108",
  pages =        "7959",
  owner =        "salvador",
  timestamp =    "2013.11.26",
}

@Article{coudert-2,
  author =       "Francois-Xavier Coudert",
  title =        "The osmotic framework adsorbed solution theory:
                 predicting mixture coadsorption in flexible nanoporous
                 materials",
  journal =      "Phys. Chem. Chem. Phys.",
  year =         "2010",
  volume =       "12",
  pages =        "10904--10913",
  issue =        "36",
  owner =        "salvador",
  publisher =    "The Royal Society of Chemistry",
  timestamp =    "2013.11.26",
}

@Article{Abrioux2009,
  author =       "Cyril Abrioux and Benoit Coasne and Guillaume Maurin
                 and Franc{\c}ois Henn and Marie Jeffroy and Anne
                 Boutin",
  title =        "Cation Behavior in Faujasite Zeolites upon Water
                 Adsorption: {A} Combination of Monte Carlo and
                 Molecular Dynamics Simulations",
  journal =      "J. Phys. Chem. C",
  year =         "2009",
  volume =       "113",
  number =       "24",
  pages =        "10696--10705",
  month =        jun,
  doi =          "10.1021/jp902274t",
  publisher =    "American Chemical Society ({ACS})",
}

@Article{DiLella2006,
  author =       "Angela Di Lella and Nicolas Desbiens and Anne Boutin
                 and Isabelle Demachy and Philippe Ungerer and
                 Jean-Pierre Bellat and Alain H. Fuchs",
  title =        "Molecular simulation studies of water physisorption in
                 zeolites",
  journal =      "Phys. Chem. Chem. Phys.",
  year =         "2006",
  volume =       "8",
  number =       "46",
  pages =        "5396",
  doi =          "10.1039/b610621h",
  publisher =    "Royal Society of Chemistry ({RSC})",
}

@Article{coudert,
  author =       "François-Xavier Coudert and Marie Jeffroy and Alain
                 H. Fuchs and Anne Boutin and Caroline
                 Mellot-Draznieks",
  title =        "Thermodynamics of Guest-Induced Structural Transitions
                 in Hybrid Organic--Inorganic Frameworks",
  journal =      "J. Am. Chem. Soc.",
  year =         "2008",
  volume =       "130",
  pages =        "14294--14302",
  number =       "43",
  owner =        "salvador",
  timestamp =    "2013.11.26",
}

@Article{AG2008,
  author =       "AG Cunha-Netto and AA Caparica and S-H Tsai and R
                 Dickman and DP Landau",
  title =        "Improving Wang-Landau sampling with adaptive windows",
  journal =      "Phys. Rev. E",
  year =         "2008",
  volume =       "78",
  pages =        "055701",
  owner =        "salvador",
  timestamp =    "2013.11.26",
}

@Article{D1999,
  author =       " D. Wolf and  P. Keblinski and  S. R. Phillpot and J.
                 Eggebrecht",
  title =        "Exact method for the simulation of coulombic systems
                 by spherically truncated, pairwise r( − 1)
                 summation",
  journal =      "J. Chem. Phys.",
  year =         "1999",
  volume =       "110",
  pages =        "8254",
  owner =        "salvador",
  timestamp =    "2013.11.26",
}

@Article{W1997,
  author =       "W. Damm and A. Frontera and J. Tirado-Rives and W. L.
                 Jorgensen",
  title =        "{OPLS} all-atom force field for carbohydrates",
  journal =      "J Comp Chem",
  year =         "1997",
  volume =       "18",
  pages =        "1955",
  owner =        "salvador",
  timestamp =    "2013.11.26",
}

@Article{darolia2013thermal,
  author =       "R Darolia",
  title =        "Thermal barrier coatings technology: critical review,
                 progress update, remaining challenges and prospects",
  journal =      "Int. Mater. Rev.",
  year =         "2013",
  volume =       "58",
  number =       "6",
  pages =        "315--348",
  publisher =    "Taylor \& Francis",
}

@Article{P1988,
  author =       "P Dauber-Osguthorpe and VA Roberts and DJ Osguthorpe
                 and J Wolff and M Genest and AT Hagler",
  title =        "Structure and energetics of ligand binding to
                 proteins: {E}. coli dihydrofolate
                 reductase-trimethoprim, a drug-receptor system",
  journal =      "Prot: Struct Funct Genet",
  year =         "1988",
  volume =       "4",
  pages =        "31",
  owner =        "salvador",
  timestamp =    "2013.11.26",
}

@Article{Dawson2012,
  author =       "Colby J. Dawson and Vitaliy Kapko and Michael F.
                 Thorpe and Martin D. Foster and Michael M. J. Treacy",
  title =        "Flexibility As an Indicator of Feasibility of Zeolite
                 Frameworks",
  journal =      "J. Phys. Chem. C",
  year =         "2012",
  volume =       "116",
  number =       "30",
  pages =        "16175--16181",
  month =        jul,
  doi =          "10.1021/jp2107473",
  publisher =    "American Chemical Society ({ACS})",
}

@Article{MF2013,
  author =       "MF De Lange and J-J Gutierrez-Sevillano and S Hamad
                 and TJH Vlugt and S Calero and J Gascon and F
                 Kapteijn",
  title =        "Understanding adsorption of highly polar vapors on
                 mesoporous {MIL}-100(Cr) and {MIL}-101(Cr): experiments
                 and molecular simulations",
  journal =      "J. Phys. Chem.",
  year =         "2013",
  volume =       "117",
  pages =        "7613–7622",
  owner =        "salvador",
  timestamp =    "2013.11.26",
}

@Article{della2013copper,
  author =       "Enrico Della Gaspera and Ryan Tucker and Kurt Star and
                 Esther H Lan and Yongho Sungtaek Ju and Bruce Dunn",
  title =        "Copper-based conductive composites with tailored
                 thermal expansion",
  journal =      "ACS applied materials \& interfaces",
  year =         "2013",
  volume =       "5",
  pages =        "10966--10974",
  number =       "21",
  publisher =    "ACS Publications",
}

@Article{demontis2,
  author =       "Pierfranco Demontis and Giuseppe B. Suffritti and
                 Silvia Bordiga and Roberto Buzzoni",
  title =        "Atom pair potential for molecular dynamics simulations
                 of structural and dynamical properties of
                 aluminosilicates: test on silicalite and anhydrous
                 Na-{A} and Ca-{A} zeolites and comparison with
                 experimental data",
  journal =      "J. Chem. Soc., Faraday Trans.",
  year =         "1995",
  volume =       "91",
  pages =        "525--533",
  abstract =     "An empirical atom pair potential for aluminosilicates
                 including coulombic interactions explicitly, and
                 suitable for molecular dynamics simulations, has been
                 tested on an aluminium-free molecular sieve
                 (silicalite) and on the anhydrous aluminium-rich
                 zeolite A, containing Na or Ca cations. This represents
                 a first step towards a realistic potential that is able
                 to reproduce the details of the structure and dynamics
                 of aluminosilicates. The results are in reasonable
                 agreement with experimental data, both structural
                 (taken from the literature) and spectroscopic (most of
                 which are new). For structures showing disordered
                 extraframework ion distributions, point-charge models
                 are insufficiently accurate and polarization effects
                 should be taken into account. Previously proposed model
                 potentials are discussed.",
  issue =        "3",
  owner =        "salvador",
  publisher =    "The Royal Society of Chemistry",
  timestamp =    "2013.11.26",
}

@Article{demontis1,
  author =       "P. Demontis and G. B. Suffritti and S. Quartieri and
                 E. S. Fois and A. Gamba",
  title =        "Molecular dynamics studies on zeolites. 3. Dehydrated
                 zeolite {A}",
  journal =      "J. Phys. Chem.",
  year =         "1988",
  volume =       "92",
  pages =        "867--871",
  number =       "4",
  doi =          "10.1021/j100315a003",
  owner =        "salvador",
  timestamp =    "2013.11.26",
}

@Article{dempsey_1969,
  author =       "Edward Dempsey and G. H. Kuehl and David H. Olson",
  title =        "Variation of the lattice parameter with aluminum
                 content in synthetic sodium faujasites. Evidence for
                 ordering of the framework ions",
  journal =      "J. Phys. Chem.",
  year =         "1969",
  volume =       "73",
  pages =        "387--390",
  number =       "2",
  doi =          "10.1021/j100722a020",
  owner =        "salvador",
  timestamp =    "2013.11.21",
}

@Article{devautour2009estimation,
  author =       "Sabine Devautour-Vinot and Guillaume Maurin and
                 Fran{\c{c}}ois Henn and Christian Serre and Thomas
                 Devic and G{\'e}rard F{\'e}rey",
  title =        "Estimation of the breathing energy of flexible {MOF}s
                 by combining {TGA} and {DSC} techniques",
  journal =      "Chem. Commun.",
  year =         "2009",
  number =       "19",
  pages =        "2733--2735",
  publisher =    "Royal Society of Chemistry",
}

@Article{H2012,
  author =       "H. Do and J. D. Hirst and R. J. Wheatley",
  title =        "Calculation of partition functions and free energies
                 of a binary mixture using the energy partitioning
                 method: application to carbon dioxide and methane",
  journal =      "J. Phys. Chem. B",
  year =         "2012",
  volume =       "116",
  pages =        "4535",
  owner =        "salvador",
  timestamp =    "2013.11.26",
}

@Article{H2011,
  author =       "H. Do and J. D. Hirst and R. J. Wheatley",
  title =        "Rapid calculation of partition functions and free
                 energies of fluids",
  journal =      "J. Chem. Phys.",
  year =         "2011",
  volume =       "135",
  pages =        "174105",
  owner =        "salvador",
  timestamp =    "2013.11.26",
}

@Article{dominguez2014loops,
  author =       "Virginia Dom{\'\i}nguez-Garc{\'\i}a and Simone
                 Pigolotti and Miguel A Mu{\~n}oz",
  title =        "Inherent directionality explains the lack of feedback
                 loops in empirical networks",
  journal =      "Sci. Rep.",
  year =         "2014",
  volume =       "4",
  number =       "7497",
  publisher =    "Nature Publishing Group",
}

@Article{S1987,
  author =       "S Duane and AD Kennedy and BJ Pendleton and D Roweth",
  title =        "Hybrid Monte Carlo",
  journal =      "Phys. Lett. B",
  year =         "1987",
  volume =       "195",
  pages =        "216",
  owner =        "salvador",
  timestamp =    "2013.11.26",
}

@Article{dubbeldam2016raspa,
  author =       "David Dubbeldam and Sof{\'\i}a Calero and Donald E
                 Ellis and Randall Q Snurr",
  title =        "{RASPA}: molecular simulation software for adsorption
                 and diffusion in flexible nanoporous materials",
  journal =      "Mol. Simul.",
  year =         "2016",
  volume =       "42",
  number =       "2",
  pages =        "81--101",
  publisher =    "Taylor \& Francis",
}

@Misc{RASPA,
  author =       "D. Dubbeldam and S. Calero and D. E. Ellis and R. Q.
                 Snurr",
  title =        "{RASPA} 1.0: Molecular Software Package for Adsorption
                 and Diffusion in Flexible Nanoporous Materials",
  year =         "2013",
  owner =        "salvador",
  timestamp =    "2013.11.26",
}

@Article{RASPA_code,
  author =       "David Dubbeldam and Sofía Calero and Donald E. Ellis
                 and Randall Q. Snurr",
  title =        "{RASPA}: molecular simulation software for adsorption
                 and diffusion in flexible nanoporous materials",
  journal =      "Mol. Simul.",
  year =         "0",
  volume =       "0",
  pages =        "1--21",
  number =       "0",
  abstract =     "A new software package, RASPA, for simulating
                 adsorption and diffusion of molecules in flexible
                 nanoporous materials is presented. The code implements
                 the latest state-of-the-art algorithms for molecular
                 dynamics and Monte Carlo (MC) in various ensembles
                 including symplectic/measure-preserving integrators,
                 Ewald summation, configurational-bias MC, continuous
                 fractional component MC, reactive MC and Baker's
                 minimisation. We show example applications of RASPA in
                 computing coexistence properties, adsorption isotherms
                 for single and multiple components, self- and
                 collective diffusivities, reaction systems and
                 visualisation. The software is released under the GNU
                 General Public License.",
  doi =          "10.1080/08927022.2015.1010082",
}

@Article{D2004,
  author =       "D. Dubbeldam and Calero S and Vlugt TJH and Krishna R
                 and Maesen TLM and Smit B",
  title =        "United atom force field for alkanes in nanoporous
                 materials",
  journal =      "J. Phys. Chem. B",
  year =         "2004",
  volume =       "108",
  pages =        "12301",
  owner =        "salvador",
  timestamp =    "2013.11.26",
}

@Article{MC_RASPA_david_2013,
  author =       "David Dubbeldam and Ariana Torres-Knoop and Krista S.
                 Walton",
  title =        "On the inner workings of Monte Carlo codes",
  journal =      "Mol. Simul.",
  year =         "2013",
  volume =       "39",
  pages =        "1253--1292",
  number =       "14-15",
  doi =          "10.1080/08927022.2013.819102",
  owner =        "salvador",
  timestamp =    "2013.11.26",
}

@Article{dubbeldam2007exceptional,
  author =       "David Dubbeldam and Krista S Walton and Donald E Ellis
                 and Randall Q Snurr",
  title =        "Exceptional negative thermal expansion in isoreticular
                 metal--organic frameworks",
  journal =      "Angew. Chem., Int. Ed. Engl.",
  year =         "2007",
  volume =       "119",
  number =       "24",
  pages =        "4580--4583",
  doi =          "10.1002/anie.200700218",
  publisher =    "Wiley Online Library",
}

@Article{D2004a,
  author =       " Dubbeldam D and  Calero S and  Vlugt TJH and  Krishna
                 R and  Maesen TLM and  Beerdsen E and Smit B",
  title =        "Force field parametrization through fitting on
                 inflection points in isotherms",
  journal =      "Phys. Rev. Lett.",
  year =         "2004",
  volume =       "93",
  pages =        "088302--1",
  owner =        "salvador",
  timestamp =    "2013.11.26",
}

@Article{Dwyer1991,
  author =       "J. Dwyer and K. Karim",
  title =        "The incorporation of heteroatoms into faujastic
                 framework by secondary synthesis using aqueous fluoride
                 complexes",
  journal =      "J. Chem. Soc., Chem. Commun.",
  year =         "1991",
  number =       "14",
  pages =        "905",
  doi =          "10.1039/c39910000905",
  publisher =    "Royal Society of Chemistry ({RSC})",
}

@Article{DJ2005,
  author =       "DJ Earl and MW Deem",
  title =        "Parallel tempering: theory, applications, and new
                 perspectives",
  journal =      "Phys. Chem. Chem. Phys.",
  year =         "2005",
  volume =       "7",
  pages =        "3910",
  owner =        "salvador",
  timestamp =    "2013.11.26",
}

@Article{eddaoudi2002systematic,
  author =       "Mohamed Eddaoudi and Jaheon Kim and Nathaniel Rosi and
                 David Vodak and Joseph Wachter and Michael O'Keeffe and
                 Omar M Yaghi",
  title =        "Systematic design of pore size and functionality in
                 isoreticular {MOF}s and their application in methane
                 storage",
  journal =      "Science",
  year =         "2002",
  volume =       "295",
  pages =        "469--472",
  number =       "5554",
  publisher =    "American Association for the Advancement of Science",
}

@Article{ErpTS2010a,
  author =       "TS van Erp and TP Caremans and D Dubbeldam and A
                 Martin-Calvo and S Calero and JA Martens",
  title =        "Enantioselective adsorption in achiral zeolites",
  journal =      "Angew. Chem. Int. Ed.",
  year =         "2010",
  volume =       "49",
  pages =        "3010",
  owner =        "salvador",
  timestamp =    "2013.11.26",
}

@Article{ErpTS2010,
  author =       "TS van Erp and D Dubbeldam and TP Caremans and S
                 Calero and JA Martens",
  title =        "Effective Monte Carlo scheme for multicomponent gas
                 adsorption and enantioselectivity in nanoporous
                 materials",
  journal =      "J. Phys. Chem. Lett.",
  year =         "2010",
  volume =       "1",
  pages =        "2154",
  owner =        "salvador",
  timestamp =    "2013.11.26",
}

@Article{FA1996,
  author =       "FA Escobedo and JJ de Pablo",
  title =        "Expanded grand canonical and Gibbs ensemble Monte
                 Carlo simulation of polymers",
  journal =      "J. Chem. Phys.",
  year =         "1996",
  volume =       "105",
  pages =        "4391",
  owner =        "salvador",
  timestamp =    "2013.11.26",
}

@Article{FA1995,
  author =       "FA Escobedo and JJ de Pablo",
  title =        "Monte-Carlo simulation of the chemical potential of
                 polymers in an expanded ensemble",
  journal =      "J. Chem. Phys.",
  year =         "1995",
  volume =       "103",
  pages =        "2703",
  owner =        "salvador",
  timestamp =    "2013.11.26",
}

@Article{PP1921,
  author =       "PP Ewald",
  title =        "Die berechnung optischer und elektrostatischer
                 Gitterpotentiale",
  journal =      "Ann. Phys.",
  year =         "1921",
  volume =       "369",
  pages =        "253",
  owner =        "salvador",
  timestamp =    "2013.11.26",
}

@Article{ewald1921berechnung,
  author =       "Paul P Ewald",
  title =        "Die Berechnung optischer und elektrostatischer
                 Gitterpotentiale",
  journal =      "Ann. Phys.",
  year =         "1921",
  volume =       "369",
  number =       "3",
  pages =        "253--287",
  publisher =    "Wiley Online Library",
}

@Article{R2002a,
  author =       "R Faller and QL Yan and JJ de Pablo",
  title =        "Multicanonical parallel tempering",
  journal =      "J. Chem. Phys.",
  year =         "2002",
  volume =       "116",
  pages =        "5419",
  owner =        "salvador",
  timestamp =    "2013.11.26",
}

@Article{fang2014common,
  author =       "Hong Fang and Martin T Dove and Anthony E Phillips",
  title =        "Common origin of negative thermal expansion and other
                 exotic properties in ceramic and hybrid materials",
  journal =      "Phys. Rev. B",
  year =         "2014",
  volume =       "89",
  number =       "21",
  pages =        "214103",
  publisher =    "APS",
}

@Article{LA2009,
  author =       "LA Fernandez and V Martin-Mayor and D Yllanes",
  title =        "Tethered Monte Carlo: computing the effective
                 potential without critical slowing down",
  journal =      "Nucl. Phys. B",
  year =         "2009",
  volume =       "807",
  pages =        "424",
  owner =        "salvador",
  timestamp =    "2013.11.26",
}

@Article{AM1988,
  author =       "AM Ferrenberg and RH Swendsen",
  title =        "Optimized monte carlo data analysis",
  journal =      "Phys. Rev. Lett.",
  year =         "1988",
  volume =       "63",
  pages =        "1195",
  owner =        "salvador",
  timestamp =    "2013.11.26",
}

@Article{AM1988a,
  author =       "AM Ferrenberg and RH Swendsen",
  title =        "New Monte Carlo technique for studying phase
                 transitions",
  journal =      "Phys. Rev. Lett.",
  year =         "1988",
  volume =       "61",
  pages =        "2635",
  owner =        "salvador",
  timestamp =    "2013.11.26",
}

@Article{MJ2000,
  author =       "MJ Field and M Albe and C Bret and Proust-De Martin F
                 and A Thomas",
  title =        "The dynamo library for molecular simulations using
                 hybrid quantum mechanical and molecular mechanical
                 potentials",
  journal =      "J. Comput. Chem.",
  year =         "2000",
  volume =       "21",
  pages =        "1088",
  owner =        "salvador",
  timestamp =    "2013.11.26",
}

@Article{flanigen1971,
  author =       "Edith M Flanigen and Hassan Khatami and Herman A
                 Szymanski",
  title =        "Infrared structural studies of zeolite frameworks",
  journal =      "Adv. Chem. Ser.",
  year =         "1971",
  volume =       "101",
  pages =        "201--229",
  publisher =    "ACS Publications",
}

@Article{B102231H,
  author =       "Ettore Fois and Aldo Gamba and Gloria Tabacchi and
                 Simona Quartieri and Giovanna Vezzalini",
  title =        "On the collective properties of water molecules in
                 one-dimensional zeolitic channels",
  journal =      "Phys. Chem. Chem. Phys.",
  year =         "2001",
  volume =       "3",
  pages =        "4158--4163",
  doi =          "10.1039/B102231H",
  issue =        "18",
  publisher =    "The Royal Society of Chemistry",
}

@Article{D2006,
  author =       "D Frenkel",
  title =        "Waste-recyling Monte Carlo",
  journal =      "Lecture Notes in Phys",
  year =         "2006",
  volume =       "703",
  pages =        "127",
  owner =        "salvador",
  timestamp =    "2013.11.26",
}

@Article{D2004b,
  author =       "D. Frenkel",
  title =        "Speed-up of Monte Carlo simulations by sampling of
                 rejected states",
  journal =      "Proc Natl Acad Sci USA",
  year =         "2004",
  volume =       "101",
  pages =        "17571",
  owner =        "salvador",
  timestamp =    "2013.11.26",
}

@Article{D1992,
  author =       "D Frenkel and GCAM. Mooij and B Smit",
  title =        "Novel scheme to study structural and
                 thermal-properties of continuously deformable
                 molecules",
  journal =      "J Phys: Condens Matter",
  year =         "1992",
  volume =       "4",
  pages =        "3053",
  owner =        "salvador",
  timestamp =    "2013.11.26",
}

@Book{FrenkelSmit,
  title =        "Understanding molecular simulation, 2nd ed.",
  publisher =    "Academic Press",
  year =         "2002",
  author =       "D Frenkel and B Smit",
  address =      "San Diego, CA",
  owner =        "salvador",
  timestamp =    "2013.11.26",
}

@Article{frenkel1996understanding,
  author =       "D Frenkel and B Smit",
  title =        "Understanding Molecular Simulation. Academic Press",
  journal =      "San Diego",
  year =         "1996",
}

@Article{JD1997,
  author =       "Julian D. Gale",
  title =        "{GULP} -- a computer program for the symmetry adapted
                 simulation of solids",
  journal =      "J. Chem. Soc., Faraday Trans.",
  year =         "1997",
  volume =       "93",
  pages =        ".",
}

@Article{Gale1996,
  author =       "J. D. Gale",
  title =        "Empirical potential derivation for ionic materials",
  journal =      "Philos. Mag. B",
  year =         "1996",
  volume =       "73",
  pages =        "3--19",
  number =       "1",
  abstract =     "Abstract A program has been developed for the
                 derivation of empirical interatomic potentials, with
                 particular regard to ionic materials and the use of
                 shell models, incorporating two new methods of fitting.
                 Concurrent fitting of multiple structures is found to
                 enhance greatly the reliability of the derived
                 potentials and can lead to a physically sensible O-O
                 potential without the use of constraints. Inclusion of
                 gas-phase cluster information appears to be beneficial
                 even within an ionic model. By combining free-energy
                 minimization with empirical fitting based on
                 displacements, rather than gradients, it is now
                 possible to determine interatomic potentials with
                 correct treatment of thermal effects and the zero-point
                 energy.",
  doi =          "10.1080/13642819608239107",
  owner =        "mcplatano",
  timestamp =    "2014.01.30",
}

@Article{0965-0393-1-1-007,
  author =       "J D Gale and C R A Catlow and W C Mackrodt",
  title =        "Periodic ab initio determination of interatomic
                 potentials for alumina",
  journal =      "Modell. Simul. Mater. Sci. Eng.",
  year =         "1992",
  volume =       "1",
  pages =        "73",
  number =       "1",
  abstract =     "Periodic ab initio Hartree-Fock calculations are used
                 to obtain two-body potential parameters for alpha -Al 2
                 O 3 . The approach, which is generally applicable to
                 crystalline solids, yields potential models that are
                 superior to empirical parameterizations.",
  owner =        "mcplatano",
  timestamp =    "2014.02.24",
}

@Article{GULP,
  author =       "Julian D. Gale and Andrew L. Rohl",
  title =        "The General Utility Lattice Program ({GULP})",
  journal =      "Mol. Simul.",
  year =         "2003",
  volume =       "29",
  pages =        "291--341",
  number =       "5",
  doi =          "10.1080/0892702031000104887",
  owner =        "salvador",
  timestamp =    "2013.11.26",
}

@Book{gantmajer,
  title =        "Mec\'anica Anal\'{i}tica",
  publisher =    "Editorial URSS",
  year =         "1996",
  author =       "F. R. Gantm\'ajer",
  address =      "Moscú",
  owner =        "salvador",
  timestamp =    "2013.11.26",
}

@Article{Garcia-Sanchez2009,
  author =       "Almudena Garc\'{i}a-S\'anchez and Conchi O. Ania and
                 Jos\'e B. Parra and David Dubbeldam and Thijs J. H.
                 Vlugt and Rajamani Krishna and Sof\'{i}a Calero",
  title =        "Transferable Force Field for Carbon Dioxide Adsorption
                 in Zeolites",
  journal =      "J. Phys. Chem. C",
  year =         "2009",
  volume =       "113",
  pages =        "8814--8820",
  number =       "20",
  owner =        "salvador",
  timestamp =    "2013.11.26",
}

@Article{sofia-al,
  author =       "Elena García-Pérez and David Dubbeldam and Bei Liu
                 and Berend Smit and Sofía Calero",
  title =        "A Computational Method To Characterize Framework
                 Aluminum in Aluminosilicates",
  journal =      "Angew. Chem., Int. Ed. Engl.",
  year =         "2007",
  volume =       "46",
  pages =        "276--278",
  number =       "1-2",
  ISSN =         "1521-3773",
  owner =        "salvador",
  publisher =    "WILEY-VCH Verlag",
  timestamp =    "2013.11.26",
}

@Article{J1980,
  author =       "J Gasteiger and M Marsili",
  title =        "Iterative partial equalization of orbital
                 electronegativity – a rapid access to atomic
                 charges",
  journal =      "Tetrahedron",
  year =         "1980",
  volume =       "36",
  pages =        "3219",
  owner =        "salvador",
  timestamp =    "2013.11.26",
}

@Article{CJ1995,
  author =       "CJ Geyer and EA Thompson",
  title =        "Annealing markov chain monte carlo with applications
                 to ancestral inference",
  journal =      "J. Am. Stat. Assoc.",
  year =         "1995",
  volume =       "90",
  pages =        "909",
  owner =        "salvador",
  timestamp =    "2013.11.26",
}

@Article{Cruciani_2006,
  author =       "Cruciani Giuseppe",
  title =        "Zeolites upon heating: Factors governing their thermal
                 stability and structural changes",
  journal =      "J. Phys. Chem. Solids",
  year =         "2006",
  volume =       "67",
  pages =        "1973--1994",
  number =       "9–10",
  doi =          "10.1016/j.jpcs.2006.05.057",
  ISSN =         "0022-3697",
  owner =        "salvador",
  timestamp =    "2013.11.20",
}

@Article{PhysRevB.54.1703,
  author =       "S. Goedecker and M. Teter and J. Hutter",
  title =        "Separable dual-space {G}aussian pseudopotentials",
  journal =      "Phys. Rev. B",
  year =         "1996",
  volume =       "54",
  pages =        "1703--1710",
  month =        jul,
  doi =          "10.1103/PhysRevB.54.1703",
  issue =        "3",
  numpages =     "0",
  publisher =    "American Physical Society",
}

@Book{goldstein,
  title =        "Mec{\'a}nica Cl{\'a}sica",
  publisher =    "Revert{\'e}",
  year =         "1987",
  author =       "H. Goldstein",
  ISBN =         "978-84-291-4306-5",
  owner =        "salvador",
  timestamp =    "2013.11.26",
}

@Article{Gomez-Hortiguela2010,
  author =       "Luis Gomez-Hortiguela and Ana B. Pinar and Furio Cora
                 and Joaquin Perez-Pariente",
  title =        "Dopant-siting selectivity in nanoporous catalysts:
                 control of proton accessibility in zeolite catalysts
                 through the rational use of templates",
  journal =      "Chem. Commun.",
  year =         "2010",
  volume =       "46",
  pages =        "2073--2075",
  abstract =     "A computational study is performed to rationalize the
                 effect of the organic template molecules used in the
                 synthesis of zeolites on their catalytic behaviour.
                 Apart from being structure-directing{,} these molecules
                 influence the location of heteroatoms. Molecules
                 bearing acidic protons susceptible to forming H-bonds
                 with framework oxygens show the strongest dopant-siting
                 direction.",
  doi =          "10.1039/B920648E",
  issue =        "12",
  owner =        "salvador",
  publisher =    "The Royal Society of Chemistry",
  timestamp =    "2013.12.03",
}

@Article{GrauCrespo2007,
  author =       "R Grau-Crespo and S Hamad and C R A Catlow and N H de
                 Leeuw",
  title =        "Symmetry-adapted configurational modelling of
                 fractional site occupancy in solids",
  journal =      "J. Phys.: Condens. Matter",
  year =         "2007",
  volume =       "19",
  number =       "25",
  pages =        "256201",
  month =        may,
  doi =          "10.1088/0953-8984/19/25/256201",
  publisher =    "{IOP} Publishing",
}

@Article{GrimeDFT,
  author =       "Stefan Grimme and Jens Antony and Stephan Ehrlich and
                 Helge Krieg",
  title =        "A consistent and accurate \emph{ab initio}
                 parametrization of density functional dispersion
                 correction ({DFT-D}) for the 94 elements {H-Pu}",
  journal =      "J. Chem. Phys.",
  year =         "2010",
  volume =       "132",
  pages =        "-",
  number =       "15",
  eid =          "154104",
  doi =          "10.1063/1.3382344",
}

@Article{grobler2013tunable,
  author =       "Ilne Grobler and Vincent J Smith and Prashant M Bhatt
                 and Simon A Herbert and Leonard J Barbour",
  title =        "Tunable Anisotropic Thermal Expansion of a Porous Zinc
                 ({II}) Metal--Organic Framework",
  journal =      "J. Am. Chem. Soc.",
  year =         "2013",
  volume =       "135",
  number =       "17",
  pages =        "6411--6414",
  publisher =    "ACS Publications",
}

@Article{J2001,
  author =       "J Gross and G Sadowski",
  title =        "Perturbed-chain {SAFT}: an equation of state based on
                 a perturbation theory for chain molecules",
  journal =      "Industrial \& Engineering Chemistry Research",
  year =         "2001",
  volume =       "40",
  pages =        "1244",
  owner =        "salvador",
  timestamp =    "2013.11.26",
}

@Article{EA1939,
  author =       "EA Guggenheim",
  title =        "Grand partition functions and so-called
                 ‘thermodynamic probability’",
  journal =      "J. Chem. Phys.",
  year =         "1939",
  volume =       "7",
  pages =        "103",
  owner =        "salvador",
  timestamp =    "2013.11.26",
}

@Article{GunsterenWF1997,
  author =       "WF van Gunsteren and X Daura and AE Mark",
  title =        "The {GROMOS} force field",
  journal =      "ECC",
  year =         "1997",
  volume =       "17",
  pages =        ".",
  owner =        "salvador",
  timestamp =    "2013.11.26",
}

@Article{guo2010molecular,
  author =       "Hai-chao Guo and Fan Shi and Zheng-fei Ma and Xiao-qin
                 Liu",
  title =        "Molecular simulation for adsorption and separation of
                 \ce{CH4}/\ce{H2} in zeolitic imidazolate frameworks",
  journal =      "J. Phys. Chem. C",
  year =         "2010",
  volume =       "114",
  number =       "28",
  pages =        "12158--12165",
  publisher =    "ACS Publications",
}

@Article{A2003a,
  author =       "A Gupta and S Chempath and MJ Sanborn and LA Clark and
                 RQ Snurr",
  title =        "Object-oriented programming paradigms for molecular
                 modeling",
  journal =      "Mol. Simul.",
  year =         "2003",
  volume =       "29",
  pages =        "29",
  owner =        "salvador",
  timestamp =    "2013.11.26",
}

@Article{GutirrezSevillano2016,
  author =       "Juan Jos{\'{e}} Guti{\'{e}}rrez-Sevillano and
                 Sof{\'{\i}}a Calero and Said Hamad and Ricardo
                 Grau-Crespo and Fernando Rey and Susana Valencia and
                 Miguel Palomino and Salvador R. G. Balestra and A.
                 Rabdel Ruiz-Salvador",
  title =        "Critical Role of Dynamic Flexibility in
                 {G}e-Containing Zeolites: Impact on Diffusion",
  journal =      "Chem. Eur. J.",
  year =         "2016",
  volume =       "22",
  pages =        "10036--10043",
  number =       "29",
  month =        jun,
  doi =          "10.1002/chem.201600983",
  publisher =    "Wiley-Blackwell",
}

@Article{gygi2016hydrogen,
  author =       "David Gygi and Eric D Bloch and Jarad A Mason and
                 Matthew R Hudson and Miguel I Gonzalez and Rebecca L
                 Siegelman and Tamim A Darwish and Wendy L Queen and
                 Craig M Brown and Jeffrey R Long",
  title =        "Hydrogen Storage in the Expanded Pore Metal--Organic
                 Frameworks \ce{M2}(dobpdc)({M}= \ce{Mg}, \ce{Mn},
                 \ce{Fe}, \ce{Co}, \ce{Ni}, \ce{Zn})",
  journal =      "Chem. Mater.",
  year =         "2016",
  volume =       "28",
  number =       "4",
  pages =        "1128--1138",
  publisher =    "ACS Publications",
}

@Article{AT1994,
  author =       "AT Hagler and CS Ewig",
  title =        "On the use of quantum energy surfaces in the
                 derivation of molecular force fields",
  journal =      "Comp Phys Commun",
  year =         "1994",
  volume =       "84",
  pages =        "131",
  owner =        "salvador",
  timestamp =    "2013.11.26",
}

@Article{TA1992,
  author =       "TA Halgren",
  title =        "The representation of the van der Waals (vd{W})
                 interactions in molecular mechanics force fields:
                 potential form, combination rules, and vd{W}
                 parameters",
  journal =      "J. Am. Chem. Soc.",
  year =         "1992",
  volume =       "114",
  pages =        "7827",
  owner =        "salvador",
  timestamp =    "2013.11.26",
}

@Article{TA1996d,
  author =       "TA Halgren and RB Nachbar",
  title =        "Merck molecular force field. {IV}. Conformational
                 energies and geometries",
  journal =      "J Comp Chem",
  year =         "1996",
  volume =       "17",
  pages =        "587",
  owner =        "salvador",
  timestamp =    "2013.11.26",
}

@Article{hamad2015atomic,
  author =       "Said Hamad and Salvador RG Balestra and Rocio
                 Bueno-Perez and Sofia Calero and A Rabdel
                 Ruiz-Salvador",
  title =        "Atomic charges for modeling metal--organic frameworks:
                 {W}hy and how",
  journal =      "J. Solid State Chem.",
  year =         "2015",
  volume =       "223",
  pages =        "144--151",
  doi =          "10.1016/j.jssc.2014.08.004",
  publisher =    "Elsevier",
}

@Article{hammonds1997insights,
  author =       "Kenton D Hammonds and Volker Heine and Martin T Dove",
  title =        "Insights into zeolite behaviour from the rigid unit
                 mode model",
  journal =      "Phase Transitions",
  year =         "1997",
  volume =       "61",
  pages =        "155--172",
  number =       "1-4",
  publisher =    "Taylor \& Francis",
}

@Article{han1996effect,
  author =       "Bongtae Han and M Chopra and S Park and L Li and K
                 Verma",
  title =        "Effect of substrate {CTE} on solder ball reliability
                 of flip-chip {PBGA} package assembly",
  journal =      "Journal of Surface Mount Technology",
  year =         "1996",
  volume =       "9",
  pages =        "43--52",
}

@Article{N2005,
  author =       "N. Hansen and S. Jakobtorweihen and F. J. Keil",
  title =        "Reactive Monte Carlo and grand-canonical Monte Carlo
                 simulations of the propene metathesis reaction system",
  journal =      "J. Chem. Phys.",
  year =         "2005",
  volume =       "122",
  pages =        "164705",
  owner =        "salvador",
  timestamp =    "2013.11.26",
}

@Article{J1988,
  author =       "J Harris and SA Rice",
  title =        "A lattice model of a supported monolayer of amphiphile
                 molecules: Monte Carlo simulations",
  journal =      "J. Chem. Phys.",
  year =         "1988",
  volume =       "88",
  pages =        "1298",
  owner =        "salvador",
  timestamp =    "2013.11.26",
}

@Article{he2015phenyl,
  author =       "Wen-Wen He and Guang-Sheng Yang and Yu-Jia Tang and
                 Shun-Li Li and Shu-Ran Zhang and Zhong-Min Su and
                 Ya-Qian Lan",
  title =        "Phenyl Groups Result in the Highest Benzene Storage
                 and Most Efficient Desulfurization in a Series of
                 Isostructural Metal--Organic Frameworks",
  journal =      "Chem.--Eur. J.",
  year =         "2015",
  volume =       "21",
  number =       "27",
  pages =        "9784--9789",
  publisher =    "Wiley Online Library",
}

@Article{GS2000,
  author =       "GS Heffelfinger",
  title =        "Parallel atomistic simulations",
  journal =      "Comp Phys Commun",
  year =         "2000",
  volume =       "128",
  pages =        "219",
  owner =        "salvador",
  timestamp =    "2013.11.26",
}

@Article{F2005,
  author =       "F Heilmann and KH Hoffmann",
  title =        "Par{Q}-high-precision calculation of the density of
                 states",
  journal =      "Europhys. Lett.",
  year =         "2005",
  volume =       "70",
  pages =        "155",
  owner =        "salvador",
  timestamp =    "2013.11.26",
}

@Article{J1984,
  author =       "J Hermans and HJC Berendsen and WF van Gunsteren and
                 JPM Postma",
  title =        "A consistent empirical potential for water-protein
                 interactions",
  journal =      "Biopolymers",
  year =         "1984",
  volume =       "23",
  pages =        "1513",
  owner =        "salvador",
  timestamp =    "2013.11.26",
}

@Article{hill1,
  author =       "Joerg R. Hill and Joachim Sauer",
  title =        "Molecular Mechanics Potential for Silica and Zeolite
                 Catalysts Based on ab Initio Calculations. 2.
                 Aluminosilicates",
  journal =      "J. Phys. Chem.",
  year =         "1995",
  volume =       "99",
  pages =        "9536--9550",
  number =       "23",
  owner =        "salvador",
  timestamp =    "2013.11.26",
}

@Article{hill2,
  author =       "Joerg R. Hill and Joachim Sauer",
  title =        "Molecular mechanics potential for silica and zeolite
                 catalysts based on ab initio calculations. 1. Dense and
                 microporous silica",
  journal =      "J. Phys. Chem.",
  year =         "1994",
  volume =       "98",
  pages =        "1238--1244",
  number =       "4",
  owner =        "salvador",
  timestamp =    "2013.11.26",
}

@Article{TLJ1946,
  author =       "TLJ Hill",
  title =        "On steric effects",
  journal =      "J. Chem. Phys.",
  year =         "1946",
  volume =       "14",
  pages =        "465",
  owner =        "salvador",
  timestamp =    "2013.11.26",
}

@Article{Holland1997,
  author =       "T. J. B. Holland",
  title =        "Unit Cell Refinement from Powder Diffraction Data: The
                 Use of Regression Diagnostics",
  journal =      "Mineral. Mag.",
  year =         "1997",
  volume =       "61",
  number =       "404",
  pages =        "65--77",
  doi =          "10.1180/minmag.1997.061.404.07",
  publisher =    "Mineralogical Society",
}

@Article{JD1998,
  author =       "JD Honeycutt",
  title =        "A general simulation method for computing
                 conformational properties of single polymer chains",
  journal =      "Comput. Theor. Polym. Sci.",
  year =         "1998",
  volume =       "8",
  pages =        "1",
  owner =        "salvador",
  timestamp =    "2013.11.26",
}

@Article{hu2011self,
  author =       "Bin Hu and Yan Zhang and Wen Chen and Chen Xu and
                 Zhong Lin Wang",
  title =        "Self-heating and External Strain Coupling Induced
                 Phase Transition of \ce{VO2} Nanobeam as Single Domain
                 Switch",
  journal =      "Adv. Mater.",
  year =         "2011",
  volume =       "23",
  number =       "31",
  pages =        "3536--3541",
  publisher =    "Wiley Online Library",
}

@Article{hu2010amorphization,
  author =       "Yun Hang Hu and Lei Zhang",
  title =        "Amorphization of metal-organic framework {MOF}-5 at
                 unusually low applied pressure",
  journal =      "Phys. Rev. B",
  year =         "2010",
  volume =       "81",
  number =       "17",
  pages =        "174103",
  publisher =    "APS",
}

@Article{WCMS:WCMS1159,
  author =       "Jürg Hutter and Marcella Iannuzzi and Florian
                 Schiffmann and Joost VandeVondele",
  title =        "cp2k: atomistic simulations of condensed matter
                 systems",
  journal =      "WIREs Comput Mol Sci",
  year =         "2014",
  volume =       "4",
  number =       "1",
  pages =        "15--25",
  ISSN =         "1759-0884",
  abstract =     "cp2k has become a versatile open-source tool for the
                 simulation of complex systems on the nanometer scale.
                 It allows for sampling and exploring potential energy
                 surfaces that can be computed using a variety of
                 empirical and first principles models. Excellent
                 performance for electronic structure calculations is
                 achieved using novel algorithms implemented for modern
                 and massively parallel hardware. This review briefly
                 summarizes the main capabilities and illustrates with
                 recent applications the science cp2k has enabled in the
                 field of atomistic simulation. WIREs Comput Mol Sci
                 2014, 4:15–25. doi: 10.1002/wcms.1159The authors have
                 declared no conflicts of interest in relation to this
                 article.For further resources related to this article,
                 please visit the WIREs website.",
  doi =          "10.1002/wcms.1159",
}

@Article{M-J1994,
  author =       "M-J Hwang and TP Stockfisch and AT Hagler",
  title =        "Derivation of class {II} force fields. 2. Derivation
                 and characterization of a class {II} force field,
                 {CFF93}, for the alkyl functional group and alkane
                 molecules",
  journal =      "J. Am. Chem. Soc.",
  year =         "1994",
  volume =       "116",
  pages =        "195",
  owner =        "salvador",
  timestamp =    "2013.11.26",
}

@Article{catlow_potential_1988,
  author =       "R. A. Jackson and C. R. A. Catlow",
  title =        "Computer Simulation Studies of Zeolite Structure",
  journal =      "Mol. Simul.",
  year =         "1988",
  volume =       "1",
  pages =        "207--224",
  number =       "4",
  abstract =     "Abstract This paper describes the use of lattice
                 energy minimization to obtain structural information on
                 zeolites. Examples are given of the use of this
                 technique in the study of non-framework cation
                 distributions, and in energy minimization of complete
                 structures. The zeolites faujasite. zeolite A and
                 silicalite are considered.",
  doi =          "10.1080/08927028808080944",
  owner =        "salvador",
  timestamp =    "2014.03.04",
}

@InCollection{catlow_potential_1987,
  author =       "R. A. Jackson and R. G. Bell and C. R. A. Catlow",
  title =        "Computer Simulation Studies of Zeolite Structure and
                 Stability",
  booktitle =    "Recent Advances in Zeolite Science Proceedings of the
                 1989 Meeting of the British Zeolite Association",
  publisher =    "Elsevier",
  year =         "1989",
  editor =       "Jacek Klinowski and Patrick J. Barrie",
  volume =       "52",
  series =       "Studies in Surface Science and Catalysis",
  pages =        "203--208",
  doi =          "10.1016/S0167-2991(08)60525-X",
  ISSN =         "0167-2991",
  owner =        "salvador",
  timestamp =    "2013.11.26",
}

@Article{S2006,
  author =       "S Jakobtorweihen and N Hansen and FJ Keil",
  title =        "Combining reactive and configurational-bias Monte
                 Carlo: confinement influence on the propene mathesis
                 reaction system in various zeolites",
  journal =      "J. Chem. Phys.",
  year =         "2006",
  volume =       "125",
  pages =        "224709/1",
  owner =        "salvador",
  timestamp =    "2013.11.26",
}

@Article{JI1992,
  author =       "Siepmann JI and Frenkel D",
  title =        "Configurational bias Monte-Carlo – {A} new sampling
                 scheme for flexible chains",
  journal =      "Mol. Phys.",
  year =         "1992",
  volume =       "75",
  pages =        "59",
  owner =        "salvador",
  timestamp =    "2013.11.26",
}

@Article{JI1992a,
  author =       "Siepmann JI and McDonald IR",
  title =        "Monte-Carlo simulation of mixed monolayers",
  journal =      "Mol. Phys.",
  year =         "1992",
  volume =       "75",
  pages =        "255",
  owner =        "salvador",
  timestamp =    "2013.11.26",
}

@Article{JJ1998,
  author =       "Potoff JJ and Panagiotopoulos AZ",
  title =        "Critical point and phase behavior of the pure fluid
                 and a Lennard-Jones mixture",
  journal =      "J. Chem. Phys.",
  year =         "1998",
  volume =       "109",
  pages =        "10914",
  owner =        "salvador",
  timestamp =    "2013.11.26",
}

@Article{JJ1997,
  author =       "Pavelites JJ and Gao J and Bash PA and Mackerell AD",
  title =        "A molecular mechanics force field for {NAD}+, {NADH},
                 and the pyrophosphate groups of nucleotides",
  journal =      "J Comp Chem",
  year =         "1997",
  volume =       "18",
  pages =        "221",
  owner =        "salvador",
  timestamp =    "2013.11.26",
}

@Article{JK2004,
  author =       "Brennan JK and Lśal M and Gubbins KE and Rice BM",
  title =        "Reaction ensemble molecular dynamics: direct
                 simulation of the dynamic equilibrium properties of
                 chemically reacting mixtures",
  journal =      "Phys. Rev. E",
  year =         "2004",
  volume =       "70",
  pages =        "061103",
  owner =        "salvador",
  timestamp =    "2013.11.26",
}

@Article{JK2002,
  author =       "Brennan JK and Madden WG",
  title =        "Phase coexistence curves for off-lattice
                 polymersolvent mixtures: Gibbs-ensemble simulations",
  journal =      "Macromolecules",
  year =         "2002",
  volume =       "35",
  pages =        "2827",
  owner =        "salvador",
  timestamp =    "2013.11.26",
}

@Article{JK1994,
  author =       "Johnson JK and Panagiotopoulos AZ and Gubbins KE",
  title =        "Reactive canonical Monte Carlo: a new simulation
                 technique for reacting or associating fluids",
  journal =      "Mol. Phys.",
  year =         "1994",
  volume =       "81",
  pages =        "717",
  owner =        "salvador",
  timestamp =    "2013.11.26",
}

@Article{JK2011,
  author =       "Shah JK and Maginn EJ",
  title =        "A general and efficient Monte Carlo method for
                 sampling intramolecular degrees of freedom of branched
                 and cyclic molecules",
  journal =      "J. Chem. Phys.",
  year =         "2011",
  volume =       "135",
  pages =        "134121",
  owner =        "salvador",
  timestamp =    "2013.11.26",
}

@Article{JM2004,
  author =       "Stubbs JM and Potoff JJ and Siepmann JI",
  title =        "Transferable potentials for phase equilibria. 6.
                 United-atom description for ethers, glycols, ketones,
                 and aldehydes",
  journal =      "J. Phys. Chem. B",
  year =         "2004",
  volume =       "108",
  pages =        "17596",
  owner =        "salvador",
  timestamp =    "2013.11.26",
}

@Article{joo2013volume,
  author =       "Jaeyong Joo and Hyungjun Kim and Sang Soo Han",
  title =        "Volume shrinkage of a metal--organic framework host
                 induced by the dispersive attraction of guest gas
                 molecules",
  journal =      "Phys. Chem. Chem. Phys.",
  year =         "2013",
  volume =       "15",
  number =       "43",
  pages =        "18822--18826",
  publisher =    "Royal Society of Chemistry",
}

@Article{ITQ-50,
  author =       "Jose L. Jord\'{a} and Fernando Rey and German Sastre
                 and Susana Valencia and Miguel Palomino and Avelino
                 Corma and Alfredo Segura and Daniel Errandonea and
                 Ra\'{u}l Lacomba and Francisco J. Manj\'on and
                 \'{O}scar Gomis and Annette K. Kleppe and Andrew P.
                 Jephcoat and M\'{o}nica Amboage and J. Alberto
                 Rodr\'{i}guez-Velamaz\'{a}n",
  title =        "Synthesis of a Novel Zeolite through a
                 Pressure-Induced Reconstructive Phase Transition
                 Process",
  journal =      "Angew. Chem. Int. Edn.",
  year =         "2013",
  volume =       "52",
  pages =        "10458--10462",
  number =       "40",
  doi =          "10.1002/anie.201305230",
  ISSN =         "1521-3773",
  keywords =     "adsorption, high-pressure chemistry, phase
                 transitions, X-ray diffraction, zeolites",
  owner =        "salvador",
  publisher =    "WILEY-VCH Verlag",
  timestamp =    "2014.01.21",
}

@Article{WL1986,
  author =       "WL Jorgensen",
  title =        "Optimized intermolecular potential functions for
                 liquid alcohols",
  journal =      "J. Phys. Chem.",
  year =         "1986",
  volume =       "90",
  pages =        "1276",
  owner =        "salvador",
  timestamp =    "2013.11.26",
}

@Article{WL1986a,
  author =       "WL Jorgensen",
  title =        "Intermolecular potential functions and Monte Carlo
                 simulations for liquid sulfur compounds",
  journal =      "J. Phys. Chem.",
  year =         "1986",
  volume =       "90",
  pages =        "6379",
  owner =        "salvador",
  timestamp =    "2013.11.26",
}

@Article{WL1984,
  author =       "WL Jorgensen and JD Madura and CJ Swenson",
  title =        "Optimized intermolecular potential functions for
                 liquid hydrocarbons",
  journal =      "J. Am. Chem. Soc.",
  year =         "1984",
  volume =       "106",
  pages =        "6638",
  owner =        "salvador",
  timestamp =    "2013.11.26",
}

@Article{WL1996,
  author =       "WL Jorgensen and DS Maxwell and J Tirado-Rives",
  title =        "Development and testing of the {OPLS} all-atom force
                 field on conformational energetics and properties of
                 organic liquids",
  journal =      "J. Am. Chem. Soc.",
  year =         "1996",
  volume =       "118",
  pages =        "11225",
  owner =        "salvador",
  timestamp =    "2013.11.26",
}

@Article{WL1985,
  author =       "WL Jorgensen and CJ Swenson",
  title =        "Optimized intermolecular potential functions for
                 amides and peptides structure and properties of liquid
                 amides",
  journal =      "J. Am. Chem. Soc.",
  year =         "1985",
  volume =       "107",
  pages =        "569",
  owner =        "salvador",
  timestamp =    "2013.11.26",
}

@Article{WL1988,
  author =       "WL Jorgensen and J Tirado-Rives",
  title =        "The {OPLS} potential functions for proteins. Energy
                 minimization for crystals of cyclic peptides and
                 crambin",
  journal =      "J. Am. Chem. Soc.",
  year =         "1988",
  volume =       "110",
  pages =        "1657",
  owner =        "salvador",
  timestamp =    "2013.11.26",
}

@Article{jorgensen1993monte,
  author =       "William L Jorgensen and Ellen R Laird and Toan B
                 Nguyen and Julian Tirado-Rives",
  title =        "Monte Carlo simulations of pure liquid substituted
                 benzenes with {OPLS} potential functions",
  journal =      "J. Comput. Chem.",
  year =         "1993",
  volume =       "14",
  number =       "2",
  pages =        "206--215",
  publisher =    "Wiley Online Library",
}

@Article{jorgensen1996development,
  author =       "William L Jorgensen and David S Maxwell and Julian
                 Tirado-Rives",
  title =        "Development and testing of the {OPLS} all-atom force
                 field on conformational energetics and properties of
                 organic liquids",
  journal =      "J. Am. Chem. Soc.",
  year =         "1996",
  volume =       "118",
  number =       "45",
  pages =        "11225--11236",
  publisher =    "ACS Publications",
}

@Article{JR1993,
  author =       "Ray JR and Wolf RJ",
  title =        "Monte-Carlo simulations at constant chemical-potential
                 and pressure",
  journal =      "J. Chem. Phys.",
  year =         "1993",
  volume =       "98",
  pages =        "2263",
  owner =        "salvador",
  timestamp =    "2013.11.26",
}

@Article{K1995,
  author =       "Esselink K and Loyens LDJC and Smit B",
  title =        "Parallel Monte Carlo simulations",
  journal =      "Phys. Rev. E",
  year =         "1995",
  volume =       "51",
  pages =        "1560",
  owner =        "salvador",
  timestamp =    "2013.11.26",
}

@Article{K1997,
  author =       "Kiyohara K and Gubbins KE and Panagiotopoulos AZ",
  title =        "Phase coexistence properties of polarizable Stockmayer
                 fluids",
  journal =      "J. Chem. Phys.",
  year =         "1997",
  volume =       "106",
  pages =        "3338",
  owner =        "salvador",
  timestamp =    "2013.11.26",
}

@Article{K2006,
  author =       "Trachenko K and Todorov IT and Smith W and Dove MT",
  title =        "{DLPOLY}: 3 new dimensions in molecular dynamics
                 simulations via massive parallelism",
  journal =      "J. Mater. Chem.",
  year =         "2006",
  volume =       "16",
  pages =        "1911",
  owner =        "salvador",
  timestamp =    "2013.11.26",
}

@Article{G1994,
  author =       "G Kaminski and EM Duffy and T Matsui and WL
                 Jorgensen",
  title =        "Free-energies of hydration and pure liquid properties
                 of hydrocarbons from the {OPLS} all-atom model",
  journal =      "J. Phys. Chem.",
  year =         "1994",
  volume =       "98",
  pages =        "13077",
  owner =        "salvador",
  timestamp =    "2013.11.26",
}

@Article{kapelewski2014m2,
  author =       "Matthew T Kapelewski and Stephen J Geier and Matthew R
                 Hudson and David Stück and Jarad A Mason and Jocienne
                 N Nelson and Dianne J Xiao and Zeric Hulvey and
                 Elizabeth Gilmour and Stephen A FitzGerald and others",
  title =        "\ce{M2}(m-dobdc)({M}= \ce{Mg}, \ce{Mn}, \ce{Fe},
                 \ce{Co}, \ce{Ni}) {M}etal--Organic Frameworks
                 Exhibiting Increased Charge Density and Enhanced {H2}
                 Binding at the Open Metal Sites",
  journal =      "J. Am. Chem. Soc.",
  year =         "2014",
  volume =       "136",
  number =       "34",
  pages =        "12119--12129",
  publisher =    "ACS Publications",
}

@Article{kapko,
  author =       "V. Kapko and C. Dawson and M. M. J. Treacy and M. F.
                 Thorpe",
  title =        "Flexibility of ideal zeolite frameworks",
  journal =      "Phys. Chem. Chem. Phys.",
  year =         "2010",
  volume =       "12",
  pages =        "8531--8541",
  abstract =     "We explore the flexibility windows of the 194
                 presently-known zeolite frameworks. The flexibility
                 window represents a range of densities within which an
                 ideal zeolite framework is stress-free. Here{,} we
                 consider the ideal zeolite to be an assembly of rigid
                 corner-sharing perfect tetrahedra. The corner linkages
                 between tetrahedra are hard-sphere oxygen atoms{,}
                 which are presumed to act as freely-rotating{,}
                 force-free{,} spherical joints. All other
                 inter-tetrahedral forces{,} such as coulomb
                 interactions{,} are ignored. Thus{,} the flexibility
                 window represents the null-space of the kinematic
                 matrix that governs the allowable internal motions of
                 the ideal zeolite framework. We show that almost all of
                 the known aluminosilicate or aluminophosphate zeolites
                 exhibit a flexibility window. Consequently{,} the
                 presence of flexibility in a hypothetical framework
                 topology promises to be a valuable indicator of
                 synthetic feasibility. We describe computational
                 methods for exploring the flexibility window{,} and
                 discuss some of the exceptions to this flexibility
                 rule.",
  issue =        "30",
  owner =        "salvador",
  publisher =    "The Royal Society of Chemistry",
  timestamp =    "2013.11.26",
}

@Article{Kapko2010,
  author =       "V. Kapko and C. Dawson and M. M. J. Treacy and M. F.
                 Thorpe",
  title =        "Flexibility of ideal zeolite frameworks",
  journal =      "Phys. Chem. Chem. Phys.",
  year =         "2010",
  volume =       "12",
  number =       "30",
  pages =        "8531",
  doi =          "10.1039/c003977b",
  publisher =    "Royal Society of Chemistry ({RSC})",
}

@Article{F1991,
  author =       "F Karavias and AL Myers",
  title =        "Isosteric heats of multicomponent adsorption –
                 thermodynamics and computer-simulations",
  journal =      "Langmuir",
  year =         "1991",
  volume =       "7",
  pages =        "3118",
  owner =        "salvador",
  timestamp =    "2013.11.26",
}

@Article{kelly2006composite,
  author =       "A Kelly and RJ Stearn and LN McCartney",
  title =        "Composite materials of controlled thermal expansion",
  journal =      "Compos. Sci. Technol.",
  year =         "2006",
  volume =       "66",
  number =       "2",
  pages =        "154--159",
  publisher =    "Elsevier",
}

@Article{K-H1996,
  author =       "Ott K-H and Meyer B",
  title =        "Parametrization of {GROMOS} force field for
                 oligosaccharides and assessment of efficiency of
                 molecular dynamics simulations",
  journal =      "J Comp Chem",
  year =         "1996",
  volume =       "17",
  pages =        "1068",
  owner =        "salvador",
  timestamp =    "2013.11.26",
}

@Article{khutia2013water,
  author =       "Anupam Khutia and Holger Urs Rammelberg and Thomas
                 Schmidt and Stefan Henninger and Christoph Janiak",
  title =        "Water sorption cycle measurements on functionalized
                 {MIL}-101\ce{Cr} for heat transformation application",
  journal =      "Chem. Mater.",
  year =         "2013",
  volume =       "25",
  number =       "5",
  pages =        "790--798",
  publisher =    "ACS Publications",
}

@Article{J2012,
  author =       "J Kim and RL Martin and O Rübel and M Haranczyk and B
                 Smit",
  title =        "High-throughput characterization of porous materials
                 using graphics processing units",
  journal =      "J. Chem. Theory Comput.",
  year =         "2012",
  volume =       "8",
  pages =        "1684",
  owner =        "salvador",
  timestamp =    "2013.11.26",
}

@Article{K-K2001,
  author =       "Han K-K and Son HS",
  title =        "On the isothermal-isobaric ensemble partition
                 function",
  journal =      "J. Chem. Phys.",
  year =         "2001",
  volume =       "115",
  pages =        "7793",
  owner =        "salvador",
  timestamp =    "2013.11.26",
}

@Article{DA2005,
  author =       "DA Kofke",
  title =        "Free energy methods in molecular simulation",
  journal =      "Fluid Phase Equilib.",
  year =         "2005",
  volume =       "228–229",
  pages =        "41",
  owner =        "salvador",
  timestamp =    "2013.11.26",
}

@Article{DA1988,
  author =       "DA Kofke and ED Glandt",
  title =        "Monte Carlo simulation of multicomponent equilibria in
                 a semigrand canonical ensemble",
  journal =      "Mol. Phys.",
  year =         "1988",
  volume =       "64",
  pages =        "1105",
  owner =        "salvador",
  timestamp =    "2013.11.26",
}

@Article{GJM1996,
  author =       "GJM Koper and H Reiss",
  title =        "Length scale for the constant pressure ensemble:
                 application to small systems and relation to Einstein
                 fluctuation theory",
  journal =      "J. Phys. Chem.",
  year =         "1996",
  volume =       "100",
  pages =        "422",
  owner =        "salvador",
  timestamp =    "2013.11.26",
}

@Article{Kosslick1993,
  author =       "H. Kosslick and V. A. Tuan and R. Fricke and C. Peuker
                 and W. Pilz and W. Storek",
  title =        "Synthesis and characterization of {G}e-{ZSM}-5
                 zeolites",
  journal =      "J. Phys. Chem.",
  year =         "1993",
  volume =       "97",
  number =       "21",
  pages =        "5678--5684",
  month =        may,
  doi =          "10.1021/j100123a036",
  publisher =    "American Chemical Society ({ACS})",
}

@Article{kramer1991interatomic,
  author =       "G. J. Kramer and N. P. Farragher and B. W. H. Van
                 Beest and R. A. Van Santen",
  title =        "Interatomic force fields for silicas,
                 aluminophosphates, and zeolites: Derivation based on ab
                 initio calculations",
  journal =      "Phys. Rev. B",
  year =         "1991",
  volume =       "43",
  pages =        "5068",
  number =       "6",
  publisher =    "APS",
}

@Article{kramer_1991_PRB,
  author =       "G. J. Kramer and N. P. Farragher and B. W. H. van
                 Beest and R. A. van Santen",
  title =        "Interatomic force fields for silicas,
                 aluminophosphates, and zeolites: Derivation based on ab
                 initio calculations",
  journal =      "Phys. Rev. B",
  year =         "1991",
  volume =       "43",
  pages =        "5068--5080",
  doi =          "10.1103/PhysRevB.43.5068",
  issue =        "6",
}

% VASP: PhysRevB.47.558, Kresse1994,PhysRevB.54.11169,Kresse1996
@Article{PhysRevB.47.558,
  author =       "G. Kresse and J. Hafner",
  title =        "\textit{Ab initio} molecular dynamics for liquid
                 metals",
  journal =      "Phys. Rev. B",
  year =         "1993",
  volume =       "47",
  pages =        "558--561",
  doi =          "10.1103/PhysRevB.47.558",
  issue =        "1",
}

@Article{Kresse1994,
  doi =          "10.1103/physrevb.49.14251",
  year =         "1994",
  month =        may,
  publisher =    "American Physical Society ({APS})",
  volume =       "49",
  number =       "20",
  pages =        "14251--14269",
  author =       "G. Kresse and J. Hafner",
  title =        "Ab initiomolecular-dynamics simulation of the
                 liquid-metal{\textendash}amorphous-semiconductor
                 transition in germanium",
  journal =      "Phys. Rev. B",
}

@Article{Kresse1996,
  doi =          "10.1016/0927-0256(96)00008-0",
  year =         "1996",
  month =        jul,
  publisher =    "Elsevier {BV}",
  volume =       "6",
  number =       "1",
  pages =        "15--50",
  author =       "G. Kresse and J. Furthm{\"{u}}ller",
  title =        "Efficiency of ab-initio total energy calculations for
                 metals and semiconductors using a plane-wave basis
                 set",
  journal =      "Comput. Mater. Sci.",
}

@Article{PhysRevB.54.11169,
  author =       "G. Kresse and J. Furthm{\"u}ller",
  title =        "Efficient iterative schemes for \textit{ab initio}
                 total-energy calculations using a plane-wave basis
                 set",
  journal =      "Phys. Rev. B",
  year =         "1996",
  volume =       "54",
  pages =        "11169--11186",
  doi =          "10.1103/PhysRevB.54.11169",
  issue =        "16",
  publisher =    "American Physical Society",
}

@Article{PhysRevB.59.1758,
  author =       "G. Kresse and D. Joubert",
  title =        "From ultrasoft pseudopotentials to the projector
                 augmented-wave method",
  journal =      "Phys. Rev. B",
  year =         "1999",
  volume =       "59",
  pages =        "1758--1775",
  doi =          "10.1103/PhysRevB.59.1758",
  issue =        "3",
  publisher =    "American Physical Society",
}

@Article{kuvcera2003coordination,
  author =       "Jan Ku{\v{c}}era and Petr Nachtigall",
  title =        "Coordination of alkali metal ions in {ZSM}-5: {A}
                 combined quantum mechanics/interatomic potential
                 function study",
  journal =      "Phys. Chem. Chem. Phys.",
  year =         "2003",
  volume =       "5",
  number =       "15",
  pages =        "3311--3317",
  publisher =    "Royal Society of Chemistry",
}

@Article{titanosilicate_adsorption_nature_2001,
  author =       "Steven M. Kuznicki and Valerie A. Bell and Sankar Nair
                 and Hugh W. Hillhouse and Richard M. Jacubinas and
                 Carola M. Braunbarth and Brian H. Toby and Michael
                 Tsapatsis",
  title =        "A titanosilicate molecular sieve with adjustable pores
                 for size-selective adsorption of molecules",
  journal =      "Nature",
  year =         "2001",
  volume =       "412",
  pages =        "720--724",
  doi =          "10.1038/35089052",
  owner =        "salvador",
  timestamp =    "2013.11.19",
}

@Article{L1996,
  author =       "Ming L and Nordholm S and Schranz HW",
  title =        "On the estimation of anharmonic densities of states of
                 molecules",
  journal =      "Chem. Phys. Lett.",
  year =         "1996",
  volume =       "248",
  pages =        "228",
  owner =        "salvador",
  timestamp =    "2013.11.26",
}

@Article{P1990,
  author =       " Labastie P and Whetten RL",
  title =        "Statistical thermodynamics of the cluster solid-liquid
                 transition",
  journal =      "Phys. Rev. Lett.",
  year =         "1990",
  volume =       "65",
  pages =        "1567",
  owner =        "salvador",
  timestamp =    "2013.11.26",
}

@Article{DP2004,
  author =       "DP Landau and S-H Tsai and M Exler",
  title =        "A new approach to Monte Carlo simulations in
                 statistical physics: Wang-Landau sampling",
  journal =      "Am. J. Phys",
  year =         "2004",
  volume =       "72",
  pages =        "1294",
  owner =        "salvador",
  timestamp =    "2013.11.26",
}

@Book{landau1980statistical,
  title =        "Statistical Physics",
  publisher =    "Elsevier Science",
  year =         "1980",
  author =       "L. D. Landau and E. M. Lifshitz and J. B. Sykes and J.
                 Kearsley",
  series =       "Course of Theoretical Physics",
  ISBN =         "978-0-7506-3372-7",
  LCCN =         "78040140",
  owner =        "salvador",
  timestamp =    "2013.11.26",
}

@Book{landau2013course,
  title =        "Course of Theoretical Physics",
  publisher =    "Elsevier",
  year =         "2013",
  author =       "Lev Davidovich Landau and Evgenii Mikhailovich
                 Lifshitz",
}

@Manual{Larson2004,
  title =        "General Structure Analysis System ({GSAS})",
  author =       "A. C. Larson and R. B. Von Dreele",
  organization = "Los Alamos National Laboratory Report LAUR 86-748",
  year =         "2004",
  owner =        "msax",
  timestamp =    "2013.10.02",
}

@Article{LB2010,
  author =       "Páray LB and Bartók AP and Csányi G",
  title =        "Efficient sampling of atomic configurational spaces",
  journal =      "J. Phys. Chem. B",
  year =         "2010",
  volume =       "114",
  pages =        "10502",
  owner =        "salvador",
  timestamp =    "2013.11.26",
}

@Article{LDJC1995,
  author =       "Loyens LDJC and Smit B and Esselink K",
  title =        "Parallel Gibbs-ensemble simulations",
  journal =      "Mol. Phys.",
  year =         "1995",
  volume =       "86",
  pages =        "171",
  owner =        "salvador",
  timestamp =    "2013.11.26",
}

@Article{J1993,
  author =       "J Lee",
  title =        "New Monte Carlo algorithm: entropic sampling",
  journal =      "Phys. Rev. Lett.",
  year =         "1993",
  volume =       "71",
  pages =        "211",
  owner =        "salvador",
  timestamp =    "2013.11.26",
}

@Article{RHO_pressure_yongjaeLee,
  author =       "Yongjae Lee and Joseph A. Hriljac and Thomas Vogt and
                 John B. Parise and Michael J. Edmondson and Paul A.
                 Anderson and David R. Corbin and Takaya Nagai",
  title =        "Phase Transition of Zeolite {RHO} at High-Pressure",
  journal =      "J. Am. Chem. Soc.",
  year =         "2001",
  volume =       "123",
  pages =        "8418--8419",
  number =       "34",
  owner =        "salvador",
  timestamp =    "2013.11.26",
}

@Article{cations_relocations_Lee_2001,
  author =       "Yongjae Lee and Barbara A. Reisner and Jonathan C.
                 Hanson and Glover A. Jones and John B. Parise and David
                 R. Corbin and Brian H. Toby and Andrea Freitag and John
                 Z. Larese",
  title =        "New Insight into Cation Relocations within the Pores
                 of Zeolite Rho: Synchrotron {X}-Ray and Neutron Powder
                 Diffraction Studies of Pb- and Cd-Exchanged Rho",
  journal =      "J. Phys. Chem. B",
  year =         "2001",
  volume =       "105",
  pages =        "7188--7199",
  number =       "30",
  doi =          "10.1021/jp0100349",
  eprint =       "http://pubs.acs.org/doi/pdf/10.1021/jp0100349",
  owner =        "mcplatano",
  timestamp =    "2014.01.06",
}

@Article{LeeuwSW1980,
  author =       "de Leeuw SW and Perram JW and Smith ER",
  title =        "Simulation of electrostatic systems in periodic
                 boundary-conditions. 1. Lattice sums and
                 dielectric-constants",
  journal =      "P. Roy. Soc. Lond. A. Mat.",
  year =         "1980",
  volume =       "373",
  pages =        "27",
  owner =        "salvador",
  timestamp =    "2013.11.26",
}

@Article{BJ2005,
  author =       "BJ Leimkuhler and C Sweet",
  title =        "A hamiltonian formulation for recursive multiple
                 thermostats in a common timescale",
  journal =      "SIAM J. Appl. Dyn. Syst.",
  year =         "2005",
  volume =       "4",
  pages =        "187",
  owner =        "salvador",
  timestamp =    "2013.11.26",
}

@Article{BJ2004a,
  author =       "BJ Leimkuhler and CR Sweet",
  title =        "The canonical ensemble via symplectic integrators
                 using Nosé and Nosé Poincare chains",
  journal =      "J. Chem. Phys.",
  year =         "2004",
  volume =       "121",
  pages =        "108",
  owner =        "salvador",
  timestamp =    "2013.11.26",
}

@Article{Lewis2002,
  author =       "Dewi W. Lewis and A. Rabdel Ruiz-Salvador and Neyvis
                 Almora-Barrios and Ariel G{\'{o}}mez and Manisha
                 Mistry",
  title =        "Modelling of hydrated Ca-rich zeolites",
  journal =      "Mol. Simul.",
  year =         "2002",
  volume =       "28",
  number =       "6-7",
  pages =        "649--661",
  month =        jun,
  doi =          "10.1080/08927020210871",
  publisher =    "Informa {UK} Limited",
}

@Article{li1999design,
  author =       "Hailian Li and Mohamed Eddaoudi and Michael O'Keeffe
                 and Omar M Yaghi",
  title =        "Design and synthesis of an exceptionally stable and
                 highly porous metal-organic framework",
  journal =      "Nature",
  year =         "1999",
  volume =       "402",
  pages =        "276--279",
  number =       "6759",
  publisher =    "Nature Publishing Group",
}

@Article{molecularsieve_mof,
  author =       "Jian-Rong Li and Julian Sculley and Hong-Cai Zhou",
  title =        "Metal–Organic Frameworks for Separations",
  journal =      "Chem. Rev.",
  year =         "2012",
  volume =       "112",
  pages =        "869--932",
  number =       "2",
  doi =          "10.1021/cr200190s",
}

@Article{li2014research,
  author =       "Wei Li and Sebastian Henke and Anthony K Cheetham",
  title =        "Research Update: {M}echanical properties of
                 metal-organic frameworks--{I}nfluence of structure and
                 chemical bonding",
  journal =      "APL Mater.",
  year =         "2014",
  volume =       "2",
  number =       "12",
  pages =        "123902",
  publisher =    "AIP Publishing",
}

@Article{Li2013,
  author =       "Yi Li and Jihong Yu and Ruren Xu",
  title =        "Criteria for Zeolite Frameworks Realizable for Target
                 Synthesis",
  journal =      "Angew. Chem. Int. Ed.",
  year =         "2013",
  volume =       "52",
  number =       "6",
  pages =        "1673--1677",
  month =        jan,
  doi =          "10.1002/anie.201206340",
  publisher =    "Wiley-Blackwell",
}

@Article{J-H1998,
  author =       "J-H Lii and NL Allinger",
  title =        "Directional hydrogen bonding in the {MM3} force field.
                 {II}",
  journal =      "J. Comp. Chem.",
  year =         "1998",
  volume =       "19",
  pages =        "1001",
  owner =        "salvador",
  timestamp =    "2013.11.26",
}

@Article{J-H1991,
  author =       "J-H Lii and NL Allinger",
  title =        "The {MM3} force field for amides, polypeptides and
                 proteins",
  journal =      "J. Comp. Chem.",
  year =         "1991",
  volume =       "12",
  pages =        "186",
  owner =        "salvador",
  timestamp =    "2013.11.26",
}

@Article{J-H1989,
  author =       "J-H Lii and S Gallion and C Bender and H Wikstrom and
                 NL Allinger and KM Flurchick and MM Teeter",
  title =        "Molecular mechanics ({MM2}) calculations on peptides
                 and on the protein crambin using the cyber 205",
  journal =      "J. Comp. Chem.",
  year =         "1989",
  volume =       "10",
  pages =        "503",
  owner =        "salvador",
  timestamp =    "2013.11.26",
}

@Article{BHE2001,
  author =       "BHE Lindahl and D van der Spoel",
  title =        "{GROMACS} 3.0: a package for molecular simulation and
                 trajectory analysis",
  journal =      "J. Mol. Mod.",
  year =         "2001",
  volume =       "7",
  pages =        "306",
  owner =        "salvador",
  timestamp =    "2013.11.26",
}

@Article{M2006,
  author =       "M Lísal and JK Brennan and WR Smith",
  title =        "Chemical reaction equilibrium in nanoporous materials:
                 no dimerization reaction in carbon slit nanopores",
  journal =      "J. Chem. Phys.",
  year =         "2006",
  volume =       "124",
  pages =        "064712",
  owner =        "salvador",
  timestamp =    "2013.11.26",
}

@Article{M2008,
  author =       "M Lísal and P Cosoli and WR Smith and SK Jain and KE
                 Gubbins",
  title =        "Fluid phase equilibria molecular-level simulations of
                 chemical reaction equilibrium for nitric oxide
                 dimerization reaction in disordered nanoporous
                 carbons",
  journal =      "Fluid Phase Equilib.",
  year =         "2008",
  volume =       "272",
  pages =        "18",
  owner =        "salvador",
  timestamp =    "2013.11.26",
}

@Article{M1999,
  author =       "M Lísal and I Nezbeda and WR Smith",
  title =        "The reaction ensemble method for the computer
                 simulation of chemical and phase equilibria. ii. The
                 Br+ Cl+ BrCl system",
  journal =      "J. Chem. Phys.",
  year =         "1999",
  volume =       "110",
  pages =        "8597",
  owner =        "salvador",
  timestamp =    "2013.11.26",
}

@Article{Liu2015,
  author =       "Xuehua Liu and Soledad Valero and Estefania Argente
                 and Vicente Botti and German Sastre",
  title =        "The importance of
                 {T}$\unicodecdots${T}$\unicodecdots${T} angles in the
                 feasibility of zeolites",
  journal =      "Zeitschrift f{\"{u}}r Kristallographie - Crystalline
                 Materials",
  year =         "2015",
  volume =       "230",
  number =       "5",
  month =        jan,
  doi =          "10.1515/zkri-2014-1801",
  publisher =    "Walter de Gruyter {GmbH}",
}

@Article{LL2006,
  author =       "Thomas LL and Christakis TJ and Jorgensen WL",
  title =        "Conformation of alkanes in the gas phase and pure
                 liquids",
  journal =      "J. Phys. Chem. B",
  year =         "2006",
  volume =       "110",
  pages =        "21198",
  owner =        "salvador",
  timestamp =    "2013.11.26",
}

@Article{lock2012effect,
  author =       "Nina Lock and Mogens Christensen and Cameron J Kepert
                 and Bo B Iversen",
  title =        "Effect of gas pressure on negative thermal expansion
                 in {MOF}-5",
  journal =      "Chem. Commun.",
  year =         "2012",
  volume =       "49",
  number =       "8",
  pages =        "789--791",
  publisher =    "The Royal Society of Chemistry",
}

@Article{lock2013scrutinizing,
  author =       "Nina Lock and Mogens Christensen and Yue Wu and
                 Vanessa K Peterson and Maja K Thomsen and Ross O Piltz
                 and Anibal J Ramirez-Cuesta and Garry J McIntyre and
                 Katarina Nor{\'e}n and Ramzi Kutteh and others",
  title =        "Scrutinizing negative thermal expansion in {MOF}-5 by
                 scattering techniques and \textit{ab initio}
                 calculations",
  journal =      "Dalton Trans.",
  year =         "2013",
  volume =       "42",
  number =       "6",
  pages =        "1996--2007",
  publisher =    "Royal Society of Chemistry",
}

@Article{lock2010elucidating,
  author =       "Nina Lock and Yue Wu and Mogens Christensen and Lisa J
                 Cameron and Vanessa K Peterson and Adam J Bridgeman and
                 Cameron J Kepert and Bo B Iversen",
  title =        "Elucidating negative thermal expansion in {MOF}-5",
  journal =      "J. Phys. Chem. C",
  year =         "2010",
  volume =       "114",
  number =       "39",
  pages =        "16181--16186",
  publisher =    "ACS Publications",
}

@Article{loewenstein,
  author =       "Walter Loeweinstein",
  title =        "The distribution of aluminum in the tetrahedra of
                 silicates and aluminates",
  journal =      "Am. Mineral.",
  year =         "1954",
  volume =       "39",
  pages =        "92--96",
  owner =        "salvador",
  timestamp =    "2014.03.06",
}

@Article{lozinska_RHO_co2_jacs_2012,
  author =       "{Magdalena M.} Lozinska and Enzo Mangano and {John P.
                 S.} Mowat and {Ashley M.} Shepherd and {Russell F.}
                 Howe and {Stephen P.} Thompson and {Julia E.} Parker
                 and Stefano Brandani and {Paul A.} Wright",
  title =        "Understanding Carbon Dioxide Adsorption on Univalent
                 Cation Forms of the Flexible Zeolite Rho at Conditions
                 Relevant to Carbon Capture from Flue Gases",
  journal =      "J. Am. Chem. Soc.",
  year =         "2012",
  volume =       "134",
  pages =        "17628--17642",
  number =       "42",
  ISSN =         "0002-7863",
  owner =        "salvador",
  timestamp =    "2013.11.19",
}

@Article{lozinska_RHO_co2_ChemMat_2014,
  author =       "Magdalena M. Lozinska and John P. S. Mowat and Paul A.
                 Wright and Stephen P. Thompson and Jose L. Jorda and
                 Miguel Palomino and Susana Valencia and Fernando Rey",
  title =        "Cation Gating and Relocation during the Highly
                 Selective “Trapdoor” Adsorption of {CO2} on
                 Univalent Cation Forms of Zeolite Rho",
  journal =      "Chem. Mater.",
  year =         "2014",
  volume =       "26",
  pages =        "2052--2061",
  number =       "6",
  doi =          "10.1021/cm404028f",
}

@Article{LR1993,
  author =       "Dodd LR and Boone TD and Theodorou DN",
  title =        "A concerted rotation algorithm for atomistic Monte
                 Carlo simulation of polymer melts and glasses",
  journal =      "Mol. Phys.",
  year =         "1993",
  volume =       "78",
  pages =        "961",
  owner =        "salvador",
  timestamp =    "2013.11.26",
}

@Article{M1992,
  author =       "Laso M and de Pablo JJ and Suter UW",
  title =        "Simulation of phase-equilibria for chain molecules",
  journal =      "J Phys: Condens Matter",
  year =         "1992",
  volume =       "97",
  pages =        "2817",
  owner =        "salvador",
  timestamp =    "2013.11.26",
}

@Article{M1998,
  author =       "Matsumoto M and Nishimura T",
  title =        "Mersenne Twister: a 623-dimensionally equidistributed
                 uniform pseudorandom number generator",
  journal =      "ACM Trans. Model. Comput. Simul.",
  year =         "1998",
  volume =       "8",
  pages =        "3",
  owner =        "salvador",
  timestamp =    "2013.11.26",
}

@Article{ma2009freeze,
  author =       "Liqing Ma and Athena Jin and Zhigang Xie and Wenbin
                 Lin",
  title =        "Freeze Drying Significantly Increases Permanent
                 Porosity and Hydrogen Uptake in 4,4-Connected
                 Metal--Organic Frameworks",
  journal =      "Angew. Chem., Int. Ed. Engl.",
  year =         "2009",
  volume =       "121",
  number =       "52",
  pages =        "10089--10092",
  publisher =    "Wiley Online Library",
}

@Article{MD1999,
  author =       "MD Macedonia and EJ Maginn",
  title =        "A biased grand canonical Monte Carlo method for
                 simulating adsorption using all-atom and branched
                 united atom models",
  journal =      "Mol. Phys.",
  year =         "1999",
  volume =       "96",
  pages =        "1375",
  owner =        "salvador",
  timestamp =    "2013.11.26",
}

@Article{AD1998,
  author =       "AD MacKerell and D Bashford and M Bellott and RL
                 Dunbrack and JD Evanseck and MJ Field and S Fischer and
                 J Gao and H Guo and S Ha and D Joseph-McCarthy and L
                 Kuchnir and K Kuczera and FTK Lau and C Mattos and S
                 Michnick and T Ngo and DT Nguyen and B Prodhom and WE
                 Reiher and x B Rou and M Schlenkrich and JC Smith and R
                 Stote and J Straub and M Watanabe and J
                 Wiorkiewicz-Kuczera and D Yin and M Karplus",
  title =        "All-atom empirical potential for molecular modeling
                 and dynamics studies of proteins",
  journal =      "J. Phys. Chem. B",
  year =         "1998",
  volume =       "102",
  pages =        "3586",
  owner =        "salvador",
  timestamp =    "2013.11.26",
}

@Article{JR1994,
  author =       "JR Maple and M-J Hwang and TP Stockfisch and AT
                 Hagler",
  title =        "Derivation of class {II} force fields. 3.
                 Characterization of a quantum force field for the
                 alkanes",
  journal =      "Israel J Chem",
  year =         "1994",
  volume =       "34",
  pages =        "195",
  owner =        "salvador",
  timestamp =    "2013.11.26",
}

@Article{MG1999,
  author =       "MG Martin and JI Siepmann",
  title =        "Novel configurational-bias Monte Carlo method for
                 branched molecules. Transferable potentials for phase
                 equilibria. 2. United-atom description of branched
                 alkanes",
  journal =      "J. Phys. Chem. B",
  year =         "1999",
  volume =       "103",
  pages =        "4508",
  owner =        "salvador",
  timestamp =    "2013.11.26",
}

@Article{MG1997,
  author =       "MG Martin and JI Siepmann",
  title =        "Predicting multicomponent phase equilibria and free
                 energies of transfer for alkanes by molecular
                 simulation",
  journal =      "J. Am. Chem. Soc.",
  year =         "1997",
  volume =       "119",
  pages =        "8921",
  owner =        "salvador",
  timestamp =    "2013.11.26",
}

@Article{GJ1996,
  author =       "GJ Martyna and M Tuckerman and DJ Tobias and ML
                 Klein",
  title =        "Explicit reversible integrators for extended systems
                 dynamics",
  journal =      "Mol. Phys.",
  year =         "1996",
  volume =       "87",
  pages =        "1117",
  owner =        "salvador",
  timestamp =    "2013.11.26",
}

@Article{martyna1996explicit,
  author =       "Glenn J Martyna and Mark E Tuckerman and Douglas J
                 Tobias and Michael L Klein",
  title =        "Explicit reversible integrators for extended systems
                 dynamics",
  journal =      "Mol. Phys.",
  year =         "1996",
  volume =       "87",
  number =       "5",
  pages =        "1117--1157",
  publisher =    "Taylor \& Francis",
}

@Article{martynatobiasklein,
  author =       "G. L. Martyna and D. J. Tobias and M. L. Klein",
  title =        "Constant pressure molecular dynamics algorithms",
  journal =      "J. Chem. Phys.",
  year =         "1994",
  volume =       "101",
  pages =        "4177",
  owner =        "salvador",
  timestamp =    "2013.11.26",
}

@Article{mary1996negative,
  author =       "TA Mary and JSO Evans and T Vogt and AW Sleight",
  title =        "Negative thermal expansion from 0.3 to 1050 {K}elvin
                 in \ce{ZrW2O8}",
  journal =      "Science",
  year =         "1996",
  volume =       "272",
  pages =        "90",
  number =       "5258",
  publisher =    "The American Association for the Advancement of
                 Science",
}

@Article{matsuda2004guest,
  author =       "Ryotaro Matsuda and Ryo Kitaura and Susumu Kitagawa
                 and Yoshiki Kubota and Tatsuo C Kobayashi and Satoshi
                 Horike and Masaki Takata",
  title =        "Guest shape-responsive fitting of porous coordination
                 polymer with shrinkable framework",
  journal =      "J. Am. Chem. Soc.",
  year =         "2004",
  volume =       "126",
  number =       "43",
  pages =        "14063--14070",
  publisher =    "ACS Publications",
}

@Article{maurin2005,
  author =       "G. Maurin and Ph. Llewellyn and Th. Poyet and B.
                 Kuchta",
  title =        "Influence of Extra-Framework Cations on the Adsorption
                 Properties of {X}-Faujasite Systems: Microcalorimetry
                 and Molecular Simulations",
  journal =      "J. Phys. Chem. B",
  year =         "2005",
  volume =       "109",
  number =       "1",
  pages =        "125--129",
  note =         "PMID: 16850994",
  doi =          "10.1021/jp0461753",
}

@Article{VG1999,
  author =       "G Mavrantzas and TD Boone and E Zervopoulou and DN
                 Theodorou",
  title =        "End-bridging Monte Carlo: a fast algorithm for
                 atomistic simulation of condensed phases of long
                 polymer chains",
  journal =      "Macromolecules",
  year =         "1999",
  volume =       "32",
  pages =        "5072",
  owner =        "salvador",
  timestamp =    "2013.11.26",
}

@Conference{mcCusker_1984,
  author =       "L. B. McCusker and Ch. Baerlocher",
  title =        "The effect of dehydration upon the crystal structure
                 of zeolite rho",
  booktitle =    "Proc. 6th Int. Zeolite Conf.",
  year =         "1984",
  pages =        "812--822",
  owner =        "salvador",
  timestamp =    "2013.11.26",
}

@Article{n202mellot,
  author =       "Caroline Mellot and Jean Lignieres",
  title =        "Monte Carlo Simulations of \ce{N2} and \ce{O2}
                 Adsorption in Silicalite and {C}a{LSX} Zeolites",
  journal =      "Mol. Simul.",
  year =         "1997",
  volume =       "18",
  number =       "6",
  pages =        "349--365",
  doi =          "10.1080/08927029708024130",
}

@Article{mengvalve2010,
  author =       "Huan Meng and Min Xue and Tian Xia and Yan-Li Zhao and
                 Fuyuhiko Tamanoi and J. Fraser Stoddart and Jeffrey I.
                 Zink and Andre E. Nel",
  title =        "Autonomous in Vitro Anticancer Drug Release from
                 Mesoporous Silica Nanoparticles by p{H}-Sensitive
                 Nanovalves",
  journal =      "J. Am. Chem. Soc.",
  year =         "2010",
  volume =       "132",
  pages =        "12690--12697",
  number =       "36",
  doi =          "10.1021/ja104501a",
}

@Article{MG2004,
  author =       "Martin MG and Thompson AP",
  title =        "Industrial property prediction using Towhee and
                 {LAMMPS}",
  journal =      "Fluid Phase Equilib.",
  year =         "2004",
  volume =       "217",
  pages =        "105",
  owner =        "salvador",
  timestamp =    "2013.11.26",
}

@Article{TF2002,
  author =       "TF Miller and M Eleftheriou and P Pattnaik and A
                 Ndirango and D Newns and GJ Martyna",
  title =        "Symplectic quaternion scheme for biophysical molecular
                 dynamics",
  journal =      "J. Chem. Phys.",
  year =         "2002",
  volume =       "116",
  pages =        "8649",
  owner =        "salvador",
  timestamp =    "2013.11.26",
}

@Article{NTE,
  author =       "W. Miller and C. W. Smith and D. S. Mackenzie and K.
                 E. Evans",
  title =        "Negative thermal expansion: a review",
  journal =      "J. Mater. Sci.",
  year =         "2009",
  volume =       "44",
  pages =        "5441--5451",
  doi =          "10.1007/s10853-009-3692-4",
  issue =        "20",
  owner =        "salvador",
  timestamp =    "2013.11.26",
}

@Article{MK2008,
  author =       "Fenwick MK",
  title =        "A direct multiple histogram reweighting method for
                 optimal computation of the density of states",
  journal =      "J. Chem. Phys.",
  year =         "2008",
  volume =       "129",
  pages =        "125106",
  owner =        "salvador",
  timestamp =    "2013.11.26",
}

@Article{FA1978,
  author =       "FA Momany",
  title =        "Determination of partial atomic charges from ab initio
                 molecular electrostatic potentials. Application to
                 formamide, methanol, and formic acid",
  journal =      "J. Phys. Chem.",
  year =         "1978",
  volume =       "82",
  pages =        "592",
  owner =        "salvador",
  timestamp =    "2013.11.26",
}

@Article{FA1992,
  author =       "FA Momany and R Rone",
  title =        "Validation of the general purpose {QUANTA}
                 3.2/{CHARMM} force field",
  journal =      "J Comp Chem",
  year =         "1992",
  volume =       "13",
  pages =        "888",
  owner =        "salvador",
  timestamp =    "2013.11.26",
}

@Article{mondloch2014zr,
  author =       "Joseph E Mondloch and Michael J Katz and Nora Planas
                 and David Semrouni and Laura Gagliardi and Joseph T
                 Hupp and Omar K Farha",
  title =        "Are \ce{Zr6}-based {MOF}s water stable? {L}inker
                 hydrolysis vs. capillary-force-driven channel
                 collapse",
  journal =      "Chem. Commun.",
  year =         "2014",
  volume =       "50",
  number =       "64",
  pages =        "8944--8946",
  publisher =    "Royal Society of Chemistry",
}

@Article{MS2002,
  author =       "Shell MS and Debenedetti PG and Panagiotopoulos AZ",
  title =        "Generalization of the Wang-Landau method for
                 off-lattice simulations",
  journal =      "Phys. Rev. E",
  year =         "2002",
  volume =       "66",
  pages =        "056703",
  owner =        "salvador",
  timestamp =    "2013.11.26",
}

@Article{MW1996,
  author =       "Deem MW and Bader JS",
  title =        "A Configurational Bias Monte Carlo method for linear
                 and cyclic peptides",
  journal =      "Mol. Phys.",
  year =         "1996",
  volume =       "87",
  pages =        "1245",
  owner =        "salvador",
  timestamp =    "2013.11.26",
}

@Article{AL1965,
  author =       "A. L. Myers and J. M. Prausnitz",
  title =        "Thermodynamics of mixed-gas adsorption",
  journal =      "AIChE J.",
  year =         "1965",
  volume =       "11",
  pages =        "121",
  owner =        "salvador",
  timestamp =    "2013.11.26",
}

@Article{N2005a,
  author =       "Lubna N and Kamath G and Potoff JJ and Rai N and
                 Siepmann JI",
  title =        "Transferable potentials for phase equilibria. 8.
                 United-atom description for thiols, sulfides,
                 disulfides, and thiophene",
  journal =      "J. Phys. Chem. B",
  year =         "2005",
  volume =       "109",
  pages =        "24100",
  owner =        "salvador",
  timestamp =    "2013.11.26",
}

@Article{N1953,
  author =       "Metropolis N and Rosenbluth AW and Rosenbluth MN and
                 Teller AH and Teller E",
  title =        "Equations of state calculations by fast computing
                 machines",
  journal =      "J. Chem. Phys.",
  year =         "1953",
  volume =       "21",
  pages =        "1087",
  owner =        "salvador",
  timestamp =    "2013.11.26",
}

@Article{N1996b,
  author =       "Nevens N and Allinger NL",
  title =        "Molecular mechanics ({MM4}) vibrational frequency
                 calculations for alkenes an conjugated hydrocarbons",
  journal =      "J Comp Chem",
  year =         "1996",
  volume =       "17",
  pages =        "730",
  owner =        "salvador",
  timestamp =    "2013.11.26",
}

@Article{N2007,
  author =       "Rai N and Siepmann JI",
  title =        "Transferable potentials for phase equilibria. 9.
                 Explicit hydrogen description of benzene and
                 five-membered and six-membered heterocyclic aromatic
                 compounds",
  journal =      "J. Phys. Chem. B",
  year =         "2007",
  volume =       "111",
  pages =        "10790",
  owner =        "salvador",
  timestamp =    "2013.11.26",
}

@Article{neimark2011structural,
  author =       "Alexander V Neimark and Francçois-Xavier Coudert and
                 Carles Triguero and Anne Boutin and Alain H Fuchs and
                 Isabelle Beurroies and Renaud Denoyel",
  title =        "Structural transitions in {MIL}-53 (\ce{Cr}): {V}iew
                 from outside and inside",
  journal =      "Langmuir",
  year =         "2011",
  volume =       "27",
  pages =        "4734--4741",
  number =       "8",
  publisher =    "ACS Publications",
}

@Article{nemkevich2010molecular,
  author =       "Alexandra Nemkevich and Hans-Beat B{\"u}rgi and Mark A
                 Spackman and Ben Corry",
  title =        "Molecular dynamics simulations of structure and
                 dynamics of organic molecular crystals",
  journal =      "Phys. Chem. Chem. Phys.",
  year =         "2010",
  volume =       "12",
  number =       "45",
  pages =        "14916--14929",
  publisher =    "Royal Society of Chemistry",
}

@Article{N1996a,
  author =       " Nevens N and  Chen K and Allinger NL",
  title =        "Molecular mechanics ({MM4}) calculations on alkenes",
  journal =      "J Comp Chem",
  year =         "1996",
  volume =       "17",
  pages =        "669",
  owner =        "salvador",
  timestamp =    "2013.11.26",
}

@Article{N1996,
  author =       " Nevens N and  Lii J-H and Allinger NL",
  title =        "Molecular mechanics ({MM4}) calculations on conjugated
                 hydrocarbons",
  journal =      "J Comp Chem",
  year =         "1996",
  volume =       "17",
  pages =        "695",
  owner =        "salvador",
  timestamp =    "2013.11.26",
}

@Article{NG1993,
  author =       "Voros NG and Tassios DP",
  title =        "Vapour-liquid equilibria in nonpolar/weakly polar
                 systems with different types of mixing rules",
  journal =      "Fluid Phase Equilib.",
  year =         "1993",
  volume =       "91",
  pages =        "1",
  owner =        "salvador",
  timestamp =    "2013.11.26",
}

@Article{Nguyen19072005,
  author =       "Thoi D. Nguyen and Hsian-Rong Tseng and Paul C.
                 Celestre and Amar H. Flood and Yi Liu and J. Fraser
                 Stoddart and Jeffrey I. Zink",
  title =        "A reversible molecular valve",
  journal =      "Proc. Natl. Acad. Sci.",
  year =         "2005",
  volume =       "102",
  pages =        "10029--10034",
  number =       "29",
  doi =          "10.1073/pnas.0504109102",
}

@Article{nicholas,
  author =       "John B. Nicholas and Anton J. Hopfinger and Frans R.
                 Trouw and Lennox E. Iton",
  title =        "Molecular modeling of zeolite structure. 2. Structure
                 and dynamics of silica sodalite and silicate force
                 field",
  journal =      "J. Am. Chem. Soc.",
  year =         "1991",
  volume =       "113",
  pages =        "4792--4800",
  number =       "13",
  owner =        "salvador",
  timestamp =    "2013.11.26",
}

@Article{SO2013,
  author =       "SO Nielsen",
  title =        "Nested sampling in the canonical ensemble: direct
                 calculation of the partition function from {NVT}
                 trajectories",
  journal =      "J. Chem. Phys.",
  year =         "2013",
  owner =        "salvador",
  timestamp =    "2013.11.26",
}

@Article{T2000,
  author =       "T Nishimura",
  title =        "Tables of 64-bit Mersenne twisters",
  journal =      "ACM Trans. Model. Comput. Simul.",
  year =         "2000",
  volume =       "10",
  pages =        "348",
  owner =        "salvador",
  timestamp =    "2013.11.26",
}

@Article{NL1996a,
  author =       "Allinger NL and Chen K and Katzenellenbogen JA and
                 Wilson SR and Anstead GM",
  title =        "Hyperconjugative effects on carbon-carbon bond lengths
                 in molecular mechanics ({MM4})",
  journal =      "J Comp Chem",
  year =         "1996",
  volume =       "17",
  pages =        "747",
  owner =        "salvador",
  timestamp =    "2013.11.26",
}

@Article{NL1988,
  author =       "Allinger NL and Kok R and Imam MR",
  title =        "Hydrogen bonding in {MM2}",
  journal =      "J Comp Chem",
  year =         "1988",
  volume =       "9",
  pages =        "591",
  owner =        "salvador",
  timestamp =    "2013.11.26",
}

@Article{NL1997,
  author =       "Allinger NL and Fan Y",
  title =        "Molecular mechanics studies ({MM4}) of sulfides and
                 mercaptans",
  journal =      "J Comp Chem",
  year =         "1997",
  volume =       "18",
  pages =        "1827",
  owner =        "salvador",
  timestamp =    "2013.11.26",
}

@Article{GE1969,
  author =       "GE Norman and VS Filinov",
  title =        "Investigations of phase transitions by a Monte Carlo
                 method",
  journal =      "High Temp USSR",
  year =         "1969",
  volume =       "7",
  pages =        "216",
  owner =        "salvador",
  timestamp =    "2013.11.26",
}

@Article{TW2000,
  author =       "TW Nymand and P Linse",
  title =        "Ewald summation and reaction field methods for
                 potentials with atomic charges, dipoles, and
                 polarizabilities",
  journal =      "J. Chem. Phys.",
  year =         "2000",
  volume =       "112",
  pages =        "6152",
  owner =        "salvador",
  timestamp =    "2013.11.26",
}

@Article{oganov2000comparative,
  author =       "Artem R Oganov and John P Brodholt and G David Price",
  title =        "Comparative study of quasiharmonic lattice dynamics,
                 molecular dynamics and Debye model applied to MgSi{O}<
                 sub> 3</sub> perovskite",
  journal =      "Phys. Earth Planet. Inter.",
  year =         "2000",
  volume =       "122",
  pages =        "277--288",
  number =       "3",
  owner =        "salvador",
  publisher =    "Elsevier",
  timestamp =    "2013.12.05",
}

@Article{PabloJJ1989,
  author =       " de Pablo JJ and Prausnitz JM",
  title =        "Phase equilbria for fluid mixtures from Monte-Carlo
                 simulation",
  journal =      "Fluid Phase Equilib.",
  year =         "1989",
  volume =       "53",
  pages =        "177",
  owner =        "salvador",
  timestamp =    "2013.11.26",
}

@Article{PabloJJ1992,
  author =       " de Pablo JJ and  Suter M and Suter UW",
  title =        "Simulation of polyethylene above and below the melting
                 point",
  journal =      "J. Chem. Phys.",
  year =         "1992",
  volume =       "96",
  pages =        "2395",
  owner =        "salvador",
  timestamp =    "2013.11.26",
}

@Article{PabloJJ1999,
  author =       " de Pablo JJ and  Yan Q and Escobedo FA",
  title =        "Simulation of phase transitions in fluids",
  journal =      "Ann. Rev. Phys. Chem.",
  year =         "1999",
  volume =       "50",
  pages =        "377",
  owner =        "salvador",
  timestamp =    "2013.11.26",
}

@Article{RHO_Co2_palomino,
  author =       "Miguel Palomino and Avelino Corma and Jose L. Jorda
                 and Fernando Rey and Susana Valencia",
  title =        "Zeolite Rho: a highly selective adsorbent for
                 {CO2}/{CH4} separation induced by a structural phase
                 modification",
  journal =      "Chem. Commun.",
  year =         "2012",
  volume =       "48",
  pages =        "215--217",
  abstract =     "Zeolite Rho is able to successfully separate CO2 from
                 CH4 with the highest selectivity ever observed on the
                 basis of pore diameter and surface polarity. The
                 adsorption of CO2 provokes structural changes in the
                 zeolite Rho.",
  issue =        "2",
  owner =        "salvador",
  publisher =    "The Royal Society of Chemistry",
  timestamp =    "2013.11.26",
}

@Article{AZ2000,
  author =       "AZ Panagiotopoulos",
  title =        "Monte Carlo methods for phase equilibria of fluids",
  journal =      "J Phys-cond Mat",
  year =         "2000",
  volume =       "12",
  pages =        "25",
  owner =        "salvador",
  timestamp =    "2013.11.26",
}

@Article{AZ1989,
  author =       "AZ Panagiotopoulos",
  title =        "Exact calculations of fluid-phase equilibria by
                 Monte-Carlo simulation in a new statistical ensemble",
  journal =      "Int. J. Thermophys.",
  year =         "1989",
  volume =       "10",
  pages =        "447",
  owner =        "salvador",
  timestamp =    "2013.11.26",
}

@Article{AZ1987,
  author =       "AZ Panagiotopoulos",
  title =        "Direct determination of the phase coexistence
                 properties of fluids by Monte Carlo simulation in a new
                 ensemble",
  journal =      "Mol. Phys.",
  year =         "1987",
  volume =       "61",
  pages =        "813",
  owner =        "salvador",
  timestamp =    "2013.11.26",
}

@Article{AZ1988,
  author =       "AZ Panagiotopoulos and N Quirke and NM Stapelton and
                 DJ Tildesley",
  title =        "Phase-equilibria by simulation in the Gibbs
                 ensemble-alternative derivation, generalization and
                 application to the mixture and membrane equilibria",
  journal =      "Mol. Phys.",
  year =         "1988",
  volume =       "63",
  pages =        "527",
  owner =        "salvador",
  timestamp =    "2013.11.26",
}

@Article{RHO_temperature_corbin84_jpc,
  author =       "John B. Parise and Lloyd Abrams and Thurmod E. Gier
                 and David R. Corbin and James D. Jorgensen and Edward
                 Prince",
  title =        "Flexibility of the framework of zeolite Rho.
                 Structural variation from 11 to 573 {K}. {A} study
                 using neutron powder diffraction data",
  journal =      "J. Phys. Chem.",
  year =         "1984",
  volume =       "88",
  pages =        "2303--2307",
  number =       "11",
  owner =        "salvador",
  timestamp =    "2013.11.26",
}

@Article{RHO_dehydration_jpc,
  author =       "John B. Parise and David E. Cox",
  title =        "Structural changes occurring upon dehydration of
                 zeolite Rho. {A} study using neutron powder diffraction
                 and distance-least-squares structural modeling",
  journal =      "J. Phys. Chem.",
  year =         "1984",
  volume =       "88",
  pages =        "1635--1640",
  number =       "8",
  owner =        "salvador",
  timestamp =    "2013.11.26",
}

@Article{RHO_cation_siting,
  author =       "John B. Parise and Xing Liu and David R. Corbin",
  title =        "Flexibility of the zeolite {RHO} framework; relocation
                 of cadmium accompanying transformation of the unit cell
                 at high temperatures",
  journal =      "J. Chem. Soc.{,} Chem. Commun.",
  year =         "1991",
  pages =        "162--163",
  doi =          "10.1039/C39910000162",
  issue =        "3",
  publisher =    "The Royal Society of Chemistry",
}

@Article{RHO_delta_Parise_1983,
  author =       "John B. Parise and Edward Prince",
  title =        "The structure of cesium-exchanged zeolite-Rh{O} at
                 293{K} and 493{K} determined from high resolution
                 neutron powder data",
  journal =      "Mater. Res. Bull.",
  year =         "1983",
  volume =       "18",
  pages =        "841--852",
  number =       "7",
  ISSN =         "0025-5408",
  owner =        "salvador",
  timestamp =    "2013.11.26",
}

@Article{parinellorahman_1982,
  author =       "M. Parrinello and A. Rahman",
  title =        "Strain fluctuations and elastic constants",
  journal =      "J. Chem. Phys.",
  year =         "1982",
  volume =       "76",
  pages =        "2662--2666",
  number =       "5",
  doi =          "10.1063/1.443248",
}

@Article{parrinello:7182,
  author =       "M. Parrinello and A. Rahman",
  title =        "Polymorphic transitions in single crystals: {A} new
                 molecular dynamics method",
  journal =      "J. Appl. Phys.",
  year =         "1981",
  volume =       "52",
  pages =        "7182--7190",
  number =       "12",
  doi =          "10.1063/1.328693",
}

@Article{PhysRevLett.45.1196,
  author =       "M. Parrinello and A. Rahman",
  title =        "Crystal Structure and Pair Potentials: {A}
                 Molecular-Dynamics Study",
  journal =      "Phys. Rev. Lett.",
  year =         "1980",
  volume =       "45",
  pages =        "1196--1199",
  doi =          "10.1103/PhysRevLett.45.1196",
  issue =        "14",
  numpages =     "0",
  publisher =    "American Physical Society",
}

@Article{PB1998,
  author =       "Conrad PB and de Pablo JJ",
  title =        "Phase coexistence properties of polarizable Stockmayer
                 fluids",
  journal =      "Fluid Phase Equilib.",
  year =         "1998",
  volume =       "150–151",
  pages =        "51",
  owner =        "salvador",
  timestamp =    "2013.11.26",
}

@Article{PhysRevLett.77.3865,
  author =       "John P. Perdew and Kieron Burke and Matthias
                 Ernzerhof",
  title =        "Generalized Gradient Approximation Made Simple",
  journal =      "Phys. Rev. Lett.",
  year =         "1996",
  volume =       "77",
  pages =        "3865--3868",
  month =        oct,
  doi =          "10.1103/PhysRevLett.77.3865",
  issue =        "18",
  numpages =     "0",
  publisher =    "American Physical Society",
}

@Article{VASP_functional_solid_prl_2008,
  author =       "John P. Perdew and Adrienn Ruzsinszky and G\'abor I.
                 Csonka and Oleg A. Vydrov and Gustavo E. Scuseria and
                 Lucian A. Constantin and Xiaolan Zhou and Kieron
                 Burke",
  title =        "Restoring the Density-Gradient Expansion for Exchange
                 in Solids and Surfaces",
  journal =      "Phys. Rev. Lett.",
  year =         "2008",
  volume =       "100",
  pages =        "136406",
  doi =          "10.1103/PhysRevLett.100.136406",
  issue =        "13",
  numpages =     "4",
}

@Article{peterson2010local,
  author =       "Vanessa K Peterson and Gordon J Kearley and Yue Wu and
                 Anibal Javier Ramirez-Cuesta and Ewout Kemner and
                 Cameron J Kepert",
  title =        "Local Vibrational Mechanism for Negative Thermal
                 Expansion: {A} Combined Neutron Scattering and
                 First-Principles Study",
  journal =      "Angew. Chem. Int. Ed.",
  year =         "2010",
  volume =       "49",
  number =       "3",
  pages =        "585--588",
  publisher =    "Wiley Online Library",
}

@Article{pham2014understanding,
  author =       "Tony Pham and Katherine A Forrest and Rahul Banerjee
                 and Gisela Orcajo and Juergen Eckert and Brian Space",
  title =        "Understanding the \ce{H2} Sorption Trends in the
                 {M}-{MOF}-74 Series ({M}= \ce{Mg}, \ce{Ni}, \ce{Co},
                 \ce{Zn})",
  journal =      "J. Phys. Chem. C",
  year =         "2014",
  volume =       "119",
  number =       "2",
  pages =        "1078--1090",
  publisher =    "ACS Publications",
}

@Article{pham2015dramatic,
  author =       "Tony Pham and Katherine A Forrest and Juergen Eckert
                 and Brian Space",
  title =        "Dramatic Effect of the Electrostatic Parameters on
                 \ce{H2} Sorption in an {M}-{MOF}-74 Analogue",
  journal =      "Crystal Growth \& Design",
  year =         "2015",
  volume =       "16",
  pages =        "867--874",
  number =       "2",
  publisher =    "ACS Publications",
}

@Article{PJ1992,
  author =       "Fay PJ and Ray JR",
  title =        "Monte-Carlo simulations in the
                 isoenthalpic-isotension-isobaric ensemble",
  journal =      "Phys. Rev. A",
  year =         "1992",
  volume =       "46",
  pages =        "4645",
  owner =        "salvador",
  timestamp =    "2013.11.26",
}

@Article{PJ1994,
  author =       "Steinbach PJ and Brooks BR",
  title =        "New spherical-cutoff methods for lone-range forces in
                 macromolecular simulation",
  journal =      "J. Comput. Chem.",
  year =         "1994",
  volume =       "15",
  pages =        "667",
  owner =        "salvador",
  timestamp =    "2013.11.26",
}

@Article{PK1981,
  author =       "Weiner PK and Kollman PA",
  title =        "{AMBER}: assisted model building with energy
                 refinement. {A} general program for modeling molecules
                 and their interactions",
  journal =      "J Comp Chem",
  year =         "1981",
  volume =       "2",
  pages =        "287",
  owner =        "salvador",
  timestamp =    "2013.11.26",
}

@Article{plant2006,
  author =       "D. F. Plant and G. Maurin and H. Jobic and P. L.
                 Llewellyn",
  title =        "Molecular Dynamics Simulation of the Cation Motion
                 upon Adsorption of {CO2} in Faujasite Zeolite Systems",
  journal =      "J. Phys. Chem. B",
  year =         "2006",
  volume =       "110",
  pages =        "14372--14378",
  number =       "29",
  doi =          "10.1021/jp062381u",
  note =         "PMID: 16854144",
}

@Article{S1995,
  author =       "S Plimpton",
  title =        "Fast parallel algorithms for short-range molecular
                 dynamics",
  journal =      "J. Comput. Phys.",
  year =         "1995",
  volume =       "117",
  pages =        "1",
  owner =        "salvador",
  timestamp =    "2013.11.26",
}

@Article{R1994,
  author =       " Poteau R and  Spiegelmann F and Labastie P",
  title =        "Isomerisation and phase transitions in small sodium
                 clusters",
  journal =      "Z Phys D: At, Mol Cluster",
  year =         "1994",
  volume =       "30",
  pages =        "57",
  owner =        "salvador",
  timestamp =    "2013.11.26",
}

@Book{Press:2007:NRE:1403886,
  title =        "Numerical Recipes 3rd Edition: The Art of Scientific
                 Computing",
  publisher =    "Cambridge University Press",
  year =         "2007",
  author =       "William H. Press and Saul A. Teukolsky and William T.
                 Vetterling and Brian P. Flannery",
  address =      "New York, NY, USA",
  edition =      "3",
  ISBN =         "0-521-88068-8, 978-0-521-88068-8",
}

@Book{Press:1996:NRF:232468,
  title =        "Numerical Recipes in Fortran 90 (2Nd Ed.): The Art of
                 Parallel Scientific Computing",
  publisher =    "Cambridge University Press",
  year =         "1996",
  author =       "William H. Press and Saul A. Teukolsky and William T.
                 Vetterling and Brian P. Flannery",
  address =      "New York, NY, USA",
  ISBN =         "0-521-57439-0",
  source =       "diskette for IBM PC 3.5, v 2.06, \$39.95, ISBN
                 0-521-57440-4; Unix CD-ROM, v 2.06, \$149.95, ISBN
                 0-521-57607-5; Windows, DOS, Macintosh CD-ROM, v 2.06,
                 \$89.95, ISBN 0-521-57608-3",
}

@Article{pryde1996origin,
  author =       "Alexandra KA Pryde and Kenton D Hammonds and Martin T
                 Dove and Volker Heine and Julian D Gale and Michele C
                 Warren",
  title =        "Origin of the negative thermal expansion in
                 \ce{ZrW2O8} and \ce{ZrV2O7}",
  journal =      "J. Phys.: Condens. Matter",
  year =         "1996",
  volume =       "8",
  number =       "50",
  pages =        "10973",
  publisher =    "IOP Publishing",
}

@Article{Pulido2006,
  author =       "Angeles Pulido and German Sastre and Avelino Corma",
  title =        "Computational Study of19{F} {NMR} Spectra of Double
                 Four Ring-Containing Si/Ge-Zeolites",
  journal =      "{ChemPhysChem}",
  year =         "2006",
  volume =       "7",
  pages =        "1092--1099",
  number =       "5",
  month =        may,
  doi =          "10.1002/cphc.200500634",
  publisher =    "Wiley-Blackwell",
}

@Article{PVK1995,
  author =       "Pant PVK and Theodorou DN",
  title =        "Variable connectivity method for the atomistic Monte
                 Carlo simulation of polydisperse polymer melts",
  journal =      "Macromolecules",
  year =         "1995",
  volume =       "28",
  pages =        "7224",
  owner =        "salvador",
  timestamp =    "2013.11.26",
}

@Article{R2002,
  author =       "Faller R and de Pablo JJ",
  title =        "Constant pressure hybrid molecular dynamics-Monte
                 Carlo simulations",
  journal =      "J. Chem. Phys.",
  year =         "2002",
  volume =       "116",
  pages =        "55",
  owner =        "salvador",
  timestamp =    "2013.11.26",
}

@Article{R2010,
  author =       "Krishna R and van Baten JM",
  title =        "Comment on comparative molecular simulation study of
                 {CO2}/{N2} and {CH4}/{N2} separation in zeolites and
                 metal-organic frameworks",
  journal =      "Langmuir",
  year =         "2010",
  volume =       "26",
  pages =        "2975",
  owner =        "salvador",
  timestamp =    "2013.11.26",
}

@Article{R1997,
  author =       "Zhou R and Berne BJ",
  title =        "Smart walking: a new method for Boltzmann sampling of
                 protein conformations",
  journal =      "J. Chem. Phys.",
  year =         "1997",
  volume =       "107",
  pages =        "9185",
  owner =        "salvador",
  timestamp =    "2013.11.26",
}

@Article{PSSC200461708,
  author =       "A. Rabdel Ruiz-Salvador and Mario F. Garcia-Sanchez
                 and Miguel O'Reilly-Lukin and Dewi W. Lewis and Ariel
                 Gomez",
  title =        "Approaching the structure of heavily defective ionic
                 oxides through atomistic modeling",
  journal =      "Phys. Statu. Sol. C",
  year =         "2005",
  volume =       "2",
  pages =        "3521--3524",
  number =       "10",
  doi =          "10.1002/pssc.200461708",
  ISSN =         "1610-1642",
  keywords =     "02.70.Ns, 02.70.Uu, 61.72.–y, 66.10.Ed, 66.30.Dn,
                 82.47.Aa",
}

@Article{Naseem_potential,
  author =       "Naseem A. Ramsahye and Robert G. Bell",
  title =        "Cation Mobility and the Sorption of Chloroform in
                 Zeolite Na{Y}: {A} Molecular Dynamics Study",
  journal =      "J. Phys. Chem. B",
  year =         "2005",
  volume =       "109",
  pages =        "4738--4747",
  number =       "10",
  doi =          "10.1021/jp046958o",
  note =         "PMID: 16851556",
}

@Article{AK1992,
  author =       " Rappé AK and  Casewit CJ and  Colwell KS and
                 Goddard WA and Skiff WMJ",
  title =        "{UFF}, a full periodic table force field for molecular
                 mechanics and molecular dynamics simulations",
  journal =      "J. Am. Chem. Soc.",
  year =         "1992",
  volume =       "114",
  pages =        "10024",
  owner =        "salvador",
  timestamp =    "2013.11.26",
}

@Article{RAX2012,
  author =       "Persson RAX",
  title =        "Perturbation method to calculate the density of
                 states",
  journal =      "Phys. Rev. E",
  year =         "2012",
  volume =       "86",
  pages =        "066708",
  owner =        "salvador",
  timestamp =    "2013.11.26",
}

@Article{ray2012van,
  author =       "Keith G Ray and David Olmsted and Ning He and Yao
                 Houndonougbo and Brian B Laird and Mark Asta",
  title =        "van der {W}aals density functional study of \ce{CO2}
                 binding in zeolitic imidazolate frameworks",
  journal =      "Phys. Rev. B",
  year =         "2012",
  volume =       "85",
  number =       "8",
  pages =        "085410",
  publisher =    "APS",
}

@Article{RHO_relocations_cations_reisner,
  author =       "Barbara A. Reisner and Yongjae Lee and Jonathan C.
                 Hanson and Glover A. Jones and John B. Parise and David
                 R. Corbin and Brian H. Toby and Andrea Freitag and John
                 Z. Larese and Volker Kahlenberg",
  title =        "Understanding negative thermal expansion and {'}trap
                 door{'} cation relocations in zeolite rho",
  journal =      "Chem. Commun.",
  year =         "2000",
  pages =        "2221--2222",
  abstract =     "time-resolved synchrotron X-ray and neutron powder
                 diffraction studies indicate that the negative thermal
                 expansion and 'trap door' cation relocations observed
                 in zeolite rho result from water-mediated chemical
                 changes that occur during dehydration.",
  doi =          "10.1039/B006929I",
  issue =        "22",
  publisher =    "The Royal Society of Chemistry",
}

@Article{RH1986,
  author =       "Swendsen RH and Wang JS",
  title =        "Replica Monte Carlo simulation of spin glasses",
  journal =      "Phys. Rev. Lett.",
  year =         "1986",
  volume =       "57",
  pages =        "2607",
  owner =        "salvador",
  timestamp =    "2013.11.26",
}

@Article{RJ1993,
  author =       "Wolf RJ and Lee MW and Davis RC and Fay PJ and Ray
                 JR",
  title =        "Pressure-composition isotherms for palladium hydride",
  journal =      "Phys. Rev. B",
  year =         "1993",
  volume =       "48",
  pages =        "12415",
  owner =        "salvador",
  timestamp =    "2013.11.26",
}

@Article{RL1988,
  author =       "McGreevy RL and Pusztai L",
  title =        "Reverse Monte Carlo simulation: a new technique for
                 the determination of disordered structures",
  journal =      "Mol. Simul.",
  year =         "1988",
  volume =       "1",
  pages =        "359",
  owner =        "salvador",
  timestamp =    "2013.11.26",
}

@Article{syntesis_RHO_1973,
  author =       "H. E. Robson and D. P. Shoemaker and R. A. Ogilvie and
                 P. C. Manor",
  title =        "Synthesis and crystal structure of zeolite rho - a new
                 zeolite related to Linde Type {A}",
  journal =      "Adv. Chem. Ser.",
  year =         "1973",
  volume =       "121",
  pages =        "106--115",
  owner =        "salvador",
  timestamp =    "2013.11.26",
}

@Article{Rojas2013b,
  author =       "Alex Rojas and Oriol Arteaga and Bart Kahr and Miguel
                 A. Camblor",
  title =        "Synthesis, Structure, and Optical Activity of {HPM}-1,
                 a Pure Silica Chiral Zeolite",
  journal =      "J. Am. Chem. Soc.",
  year =         "2013",
  volume =       "135",
  number =       "32",
  pages =        "11975--11984",
  month =        aug,
  doi =          "10.1021/ja405088c",
  publisher =    "American Chemical Society ({ACS})",
}

@Article{Rojas2012,
  author =       "Alex Rojas and Luis G{\'{o}}mez-Hortig{\"{u}}ela and
                 Miguel A. Camblor",
  title =        "Zeolite Structure Direction by Simple
                 Bis(methylimidazolium) Cations: The Effect of the
                 Spacer Length on Structure Direction and of the
                 Imidazolium Ring Orientation on the 19{F} {NMR}
                 Resonances",
  journal =      "J. Am. Chem. Soc.",
  year =         "2012",
  volume =       "134",
  number =       "8",
  pages =        "3845--3856",
  month =        feb,
  doi =          "10.1021/ja210703y",
  publisher =    "American Chemical Society ({ACS})",
}

@Article{MN1955,
  author =       "MN Rosenbluth and AW Rosenbluth",
  title =        "Monte Carlo simulations of the average extension of
                 molecular chains",
  journal =      "J. Chem. Phys.",
  year =         "1955",
  volume =       "23",
  pages =        "356",
  owner =        "salvador",
  timestamp =    "2013.11.26",
}

@Article{rosnes2015intriguing,
  author =       "Mali H Rosnes and Martin Opitz and Matthias Frontzek
                 and Wiebke Lohstroh and Jan Peter Embs and Peter A
                 Georgiev and Pascal DC Dietzel",
  title =        "Intriguing differences in hydrogen adsorption in
                 {CPO}-27 materials induced by metal substitution",
  journal =      "J. Mater. Chem.A",
  year =         "2015",
  volume =       "3",
  number =       "9",
  pages =        "4827--4839",
  publisher =    "Royal Society of Chemistry",
}

@Article{rowsell2005gas,
  author =       "Jesse LC Rowsell and Elinor C Spencer and Juergen
                 Eckert and Judith AK Howard and Omar M Yaghi",
  title =        "Gas adsorption sites in a large-pore metal-organic
                 framework",
  journal =      "Science",
  year =         "2005",
  volume =       "309",
  pages =        "1350--1354",
  number =       "5739",
  publisher =    "American Association for the Advancement of Science",
}

@Article{ruiz-montero:1997,
  author =       "M. J. Ruiz-Montero and D. Frenkel and J. J. Brey",
  title =        "Efficient schemes to compute diffusive barrier
                 crossing rates",
  journal =      "Mol. Phys.",
  year =         "1997",
  volume =       "90",
  pages =        "925--942",
  number =       "6",
  abstract =     "The formulation of the classical barrier-crossing
                 problem is reviewed in the context of numerical
                 simulations, with the focus on barrier crossing
                 problems where the reaction coordinate depends in a
                 non-trivial way on the Cartesian coordinates of many
                 particles. Often it is convenient to measure the
                 barrier height using constrained dynamics. Such a
                 calculation requires a knowledge of the Jacobian for
                 the coordinate transformation between Cartesian and
                 generalized (‘reaction’) coordinates, and it is
                 shown that the calculation of this Jacobian can be
                 simplified. The conventional expression for the
                 crossing rate is found to become computationally
                 inefficient when the barrier crossing is diffusive. An
                 alternative formulation of the barrier-crossing rate is
                 given that leads to much better statistical accuracy in
                 the computed crossing rates.",
  doi =          "10.1080/002689797171922",
}

@Article{B607030B,
  author =       "A. Rabdel Ruiz-Salvador and Neyvis Almora-Barrios and
                 Ariel G\'omez and Dewi W. Lewis",
  title =        "Interplay of water{,} extra-framework cations and
                 framework atoms in the structure of low-silica
                 zeolites: the case of the natural zeolite Goosecreekite
                 as studied by computer simulation",
  journal =      "Phys. Chem. Chem. Phys.",
  year =         "2007",
  volume =       "9",
  pages =        "521--532",
  doi =          "10.1039/B607030B",
  issue =        "4",
}

@Article{ruiz2000clinoptilolite,
  author =       "A Rabdel Ruiz-Salvador and Ariel G{\'o}mez and Dewi W
                 Lewis and C Richard A Catlow and L Marleny
                 Rodr{\'\i}guez-Albelo and Luis Montero and Gerardo
                 Rodr{\'\i}guez-Fuentes",
  title =        "Clinoptilolite--heulandite polymorphism: structural
                 features from computer simulation",
  journal =      "Phys. Chem. Chem. Phys.",
  year =         "2000",
  volume =       "2",
  pages =        "1803--1813",
  number =       "8",
  owner =        "salvador",
  publisher =    "Royal Society of Chemistry",
  timestamp =    "2014.03.05",
}

@Article{ruiz1999silicon,
  author =       "A Rabdel Ruiz-Salvador and Ariel G{\'o}mez and Dewi W
                 Lewis and Gerardo Rodr{\'\i}guez-Fuentes and Luis
                 Montero",
  title =        "Silicon--aluminium distribution in dehydrated calcium
                 heulandite",
  journal =      "Phys. Chem. Chem. Phys.",
  year =         "1999",
  volume =       "1",
  pages =        "1679--1685",
  number =       "7",
  publisher =    "Royal Society of Chemistry",
}

@InCollection{RabdelRuizSalvador20041439,
  author =       "A. Rabdel Ruiz-Salvador and A. G\'omez and B. N. Diaz
                 and Ortega Y. and D. W. Lewis",
  title =        "Si atoms in {SAPO}-31: {A} computational study",
  booktitle =    "Recent Advances in the Science and Technology of
                 Zeolites and Related Materials Part B Proceedings of
                 the 14th International Zeolite Conference",
  publisher =    "Elsevier",
  year =         "2004",
  editor =       "M. Claeys E. van Steen and L. H. Callanan",
  volume =       "154, Part B",
  series =       "Studies in Surface Science and Catalysis",
  pages =        "1439--1447",
  doi =          "10.1016/S0167-2991(04)80662-1",
  ISSN =         "0167-2991",
}

@Article{RuizSalvador2013330,
  author =       "A. Rabdel Ruiz-Salvador and Ricardo Grau-Crespo and
                 Aileen E. Gray and Dewi W. Lewis",
  title =        "Aluminium distribution in {ZSM}-5 revisited: The role
                 of Al–Al interactions",
  journal =      "J. Solid State Chem.",
  year =         "2013",
  volume =       "198",
  pages =        "330--336",
  number =       "0",
  doi =          "10.1016/j.jssc.2012.10.022",
  ISSN =         "0022-4596",
  keywords =     "\{MFI\}",
}

@Article{ruiz1998aluminum,
  author =       "A Rabdel Ruiz-Salvador and Dewi W Lewis and Jesus
                 Rubayo-Soneira and Gerardo Rodr{\'\i}guez-Fuentes and L
                 Rene Sierra and C Richard A Catlow",
  title =        "Aluminum distribution in low Si/Al zeolites:
                 dehydrated Na-clinoptilolite",
  journal =      "J. Phys. Chem. B",
  year =         "1998",
  volume =       "102",
  number =       "43",
  pages =        "8417--8425",
  publisher =    "ACS Publications",
}

@Article{molecularsieve,
  author =       "Douglas M. Ruthven",
  title =        "Molecular Sieve Separations",
  journal =      "Chem. Ing. Tech.",
  year =         "2011",
  volume =       "83",
  number =       "1-2",
  pages =        "44--52",
  ISSN =         "1522-2640",
  doi =          "10.1002/cite.201000145",
  keywords =     "Kinetic separations, Metal-organic framework,
                 Molecular sieve, Zeolite membrane",
  publisher =    "WILEY-VCH Verlag",
}

@Article{Saltas2017,
  author =       "V. Saltas and D. Horlait and E. N. Sgourou and F.
                 Vallianatos and A. Chroneos",
  title =        "Modelling solid solutions with cluster expansion,
                 special quasirandom structures, and thermodynamic
                 approaches",
  journal =      "Applied Physics Reviews",
  year =         "2017",
  volume =       "4",
  pages =        "041301",
  number =       "4",
  month =        dec,
  doi =          "10.1063/1.4999129",
  publisher =    "{AIP} Publishing",
}

@Article{C39840001271,
  author =       "M. J. Sanders and M. Leslie and C. R. A. Catlow",
  title =        "Interatomic potentials for Si{O2}",
  journal =      "J. Chem. Soc.{,} Chem. Commun.",
  year =         "1984",
  pages =        "1271--1273",
  abstract =     "Interatomic potentials{,} which include bond-bending
                 terms{,} allow us to model accurately the properties of
                 [small alpha]-quartz and the structures of other
                 polymorphs of SiO.",
  doi =          "10.1039/C39840001271",
  issue =        "19",
  publisher =    "The Royal Society of Chemistry",
}

@Article{sarkisov2014flexibility,
  author =       "Lev Sarkisov and Richard L Martin and Maciej Haranczyk
                 and Berend Smit",
  title =        "On the flexibility of metal--organic frameworks",
  journal =      "J. Am. Chem. Soc.",
  year =         "2014",
  volume =       "136",
  number =       "6",
  pages =        "2228--2231",
  publisher =    "ACS Publications",
}

@Article{sarmiento2012surprising,
  author =       "Rafael A Sarmiento-Perez and L Marleny
                 Rodriguez-Albelo and Ariel Gomez and Miguel Autie-Perez
                 and Dewi W Lewis and A Rabdel Ruiz-Salvador",
  title =        "Surprising role of the {BDC} organic ligand in the
                 adsorption of \ce{CO2} by {MOF}-5",
  journal =      "Microporous Mesoporous Mater.",
  year =         "2012",
  volume =       "163",
  pages =        "186--191",
  publisher =    "Elsevier",
}

@Article{Sartbaeva,
  author =       "Asel Sartbaeva and Stephen A. Wells and M. M. J.
                 Treacy and M. F. Thorpe",
  title =        "The flexibility window in zeolites",
  journal =      "Nat. Mater.",
  year =         "2006",
  volume =       "5",
  pages =        "962--965",
  doi =          "10.1038/nmat1784",
}

@Article{Sastre201425,
  author =       "German Sastre",
  title =        "Computational study of diffusion of propane in small
                 pore acidic zeotypes \{AFX\} and \{AEI\}",
  journal =      "Catal. Today",
  year =         "2014",
  volume =       "226",
  number =       "0",
  pages =        "25--36",
  ISSN =         "0920-5861",
  note =         "Acid-Base Catalysis Advanced Sciences and Spreading
                 Applications to Solutions of Environmental, Resources
                 and Energy Issues: ABC-7, 7th International Symposium
                 on Acid-Base Catalysis, Tokyo, May 12-15, 2013",
  doi =          "10.1016/j.cattod.2013.07.021",
  keywords =     "Small-pore acid zeolites",
}

@Article{Sastre2005,
  author =       "German Sastre and Angel Cantin and Maria Jose
                 Diaz-Caba{\~{n}}as and Avelino Corma",
  title =        "Searching Organic Structure Directing Agents for the
                 Synthesis of Specific Zeolitic Structures:~ An
                 Experimentally Tested Computational Study",
  journal =      "Chem. Mater.",
  year =         "2005",
  volume =       "17",
  number =       "3",
  pages =        "545--552",
  month =        feb,
  doi =          "10.1021/cm049912g",
  publisher =    "American Chemical Society ({ACS})",
}

@Article{Sastre2003,
  author =       "German Sastre and Julian D. Gale",
  title =        "Derivation of an Interatomic Potential for Germanium-
                 and Silicon-Containing Zeolites and Its Application to
                 the Study of the Structures of Octadecasil, {ASU}-7,
                 and {ASU}-9 Materials",
  journal =      "Chem. Mater.",
  year =         "2003",
  volume =       "15",
  number =       "9",
  pages =        "1788--1796",
  month =        may,
  doi =          "10.1021/cm021262y",
  publisher =    "American Chemical Society ({ACS})",
}

@Article{Sastre2002a,
  author =       "German Sastre and Jose A. Vidal-Moya and Teresa Blasco
                 and Jordi Rius and Jose L. Jord{\'{a}} and Maria T.
                 Navarro and Fernando Rey and Avelino Corma",
  title =        "Preferential Location of Ge Atoms in Polymorph {C} of
                 Beta Zeolite ({ITQ}-17) and Their Structure-Directing
                 Effect: {A} Computational, {XRD}, and {NMR}
                 Spectroscopic Study",
  journal =      "Angew. Chem. Int. Ed.",
  year =         "2002",
  volume =       "41",
  number =       "24",
  pages =        "4722--4726",
  month =        dec,
  doi =          "10.1002/anie.200290028",
  publisher =    "Wiley-Blackwell",
}

@Article{ANIE:ANIE201000827,
  author =       "Axel Schlossbauer and Simon Warncke and
                 Philipp M. E. Gramlich and Johann Kecht and Antonio
                 Manetto and Thomas Carell and Thomas Bein",
  title =        "A Programmable {DNA}-Based Molecular Valve for
                 Colloidal Mesoporous Silica",
  journal =      "Angew. Chem. Int. Ed.",
  year =         "2010",
  volume =       "49",
  number =       "28",
  pages =        "4734--4737",
  ISSN =         "1521-3773",
  doi =          "10.1002/anie.201000827",
  keywords =     "click chemistry, colloids, DNA, host–guest systems,
                 nanotechnology",
  publisher =    "WILEY-VCH Verlag",
}

@Article{Schmidt2014,
  author =       "Joel E. Schmidt and Michael W. Deem and Mark E.
                 Davis",
  title =        "Synthesis of a Specified, Silica Molecular Sieve by
                 Using Computationally Predicted Organic
                 Structure-Directing Agents",
  journal =      "Angew. Chem. Int. Ed.",
  year =         "2014",
  volume =       "53",
  number =       "32",
  pages =        "8372--8374",
  month =        jun,
  doi =          "10.1002/anie.201404076",
  publisher =    "Wiley-Blackwell",
}

@Article{Schmidt2014b,
  author =       "Joel E. Schmidt and Stacey I. Zones and Dan Xie and
                 Mark E. Davis",
  title =        "The synthesis of aluminophosphate and germanosilicate
                 {LTA} using a triquaternary structure directing agent",
  journal =      "Microporous Mesoporous Mater.",
  year =         "2014",
  volume =       "200",
  pages =        "132--139",
  month =        dec,
}

@Article{T2007,
  author =       "T Schnabel and J Vrabec and H Hasse",
  title =        "Unlike Lennard-Jones parameters for vapor-liquid
                 equilibria",
  journal =      "J. Mol. Liq.",
  year =         "2007",
  volume =       "135",
  pages =        "170",
  owner =        "salvador",
  timestamp =    "2013.11.26",
}

@Article{SK2011,
  author =       "SK Schnell and X Liu and JM Simon and A Bardow and D
                 Bedeaux and TJH Vlugt and S Kjelstrup",
  title =        "Calculating thermodynamic properties from fluctuations
                 at small scales",
  journal =      "J. Phys. Chem. B",
  year =         "2011",
  volume =       "115",
  pages =        "10911",
  owner =        "salvador",
  timestamp =    "2013.11.26",
}

@Article{SK2012,
  author =       "SK Schnell and TJH Vlugt and JM Simon and B Bedeaux
                 and S Kjelstrup",
  title =        "Thermodynamics of small systems embedded in a
                 reservoir: a detailed analysis of finite size effects",
  journal =      "Mol. Phys.",
  year =         "2012",
  volume =       "110",
  pages =        "1069",
  owner =        "salvador",
  timestamp =    "2013.11.26",
}

@Article{schroeder,
  author =       "Klaus-Peter Schröder and Joachim Sauer",
  title =        "Potential Functions for Silica and Zeolite Catalysts
                 Based on ab Initio Calculations. 3. {A} Shell Model Ion
                 Pair Potential for Silica and Aluminosilicates†",
  journal =      "J. Phys. Chem.",
  year =         "1996",
  volume =       "100",
  pages =        "11043--11049",
  number =       "26",
  owner =        "salvador",
  timestamp =    "2013.11.26",
}

@Article{catlow,
  author =       "Klaus-Peter Schröder and Joachim Sauer and Maurice
                 Leslie and C. Richard and A. Catlow and John M.
                 Thomas",
  title =        "Bridging hydrodyl groups in zeolitic catalysts: a
                 computer simulation of their structure, vibrational
                 properties and acidity in protonated faujasites
                 ({H}-{Y} zeolites)",
  journal =      "Chem. Phys. Lett.",
  year =         "1992",
  volume =       "188",
  pages =        "320--325",
  number =       "3–4",
  doi =          "10.1016/0009-2614(92)90030-Q",
  ISSN =         "0009-2614",
}

@Article{BJ2003,
  author =       "BJ Schulz and K Binder and M Muller and DP Landau",
  title =        "Avoiding boundary effects in Wang-Landau sampling",
  journal =      "Phys. Rev. E",
  year =         "2003",
  volume =       "67",
  pages =        "067102",
  owner =        "salvador",
  timestamp =    "2013.11.26",
}

@Article{serre2002very,
  author =       "Christian Serre and Franck Millange and Christelle
                 Thouvenot and Marc Nogu{\`e}s and G{\'e}rard Marsolier
                 and Daniel Lou{\"e}r and G{\'e}rard F{\'e}rey",
  title =        "Very Large Breathing Effect in the First Nanoporous
                 Chromium ({III})--{B}ased Solids: {MIL}-53 or
                 \ce{Cr}{III}
                 (\ce{OH})$\cdot$(\ce{O2C}-\ce{C6H4}-\ce{CO2})$\cdot$(\ce{HO2C}-\ce{C6H4}-\ce{CO2H})$_x$$\cdot$\ce{H2O}$_y$",
  journal =      "J. Am. Chem. Soc.",
  year =         "2002",
  volume =       "124",
  number =       "45",
  pages =        "13519--13526",
  publisher =    "ACS Publications",
}

@Article{sethi2015environmental,
  author =       "Sanghamitra Sethi and Bankim Chandra Ray",
  title =        "Environmental effects on fibre reinforced polymeric
                 composites: {E}volving reasons and remarks on
                 interfacial strength and stability",
  journal =      "Adv. Colloid Interface Sci.",
  year =         "2015",
  volume =       "217",
  pages =        "43--67",
  publisher =    "Elsevier",
}

@Article{W2008,
  author =       "W. Shi and E. J. Maginn",
  title =        "Improvement in molecule exchange efficiency in Gibbs
                 ensemble Monte Carlo: development and implementation of
                 the continuous fractional component move",
  journal =      "J. Comput. Chem.",
  year =         "2008",
  volume =       "29",
  pages =        "2520",
  owner =        "salvador",
  timestamp =    "2013.11.26",
}

@Article{shim2012adsorption,
  author =       "Wang-Geun Shim and Kyung-Jun Hwang and Jong-Tae Chung
                 and Young-Soon Baek and Seung-Joon Yoo and Sang-Chai
                 Kim and Hee Moon and Jae-Wook Lee",
  title =        "Adsorption and thermodesorption characteristics of
                 benzene in nanoporous metal organic framework {MOF}-5",
  journal =      "Adv. Powder Technol.",
  year =         "2012",
  volume =       "23",
  number =       "5",
  pages =        "615--619",
  publisher =    "Elsevier",
}

@Article{W2004,
  author =       "W Shinoda and M Shiga and M Mikami",
  title =        "Rapid estimation of elastic constants by molecular
                 dynamics simulation under constant stress",
  journal =      "Phys. Rev. B",
  year =         "2004",
  volume =       "69",
  pages =        "134103",
  owner =        "salvador",
  timestamp =    "2013.11.26",
}

@Article{JI1990,
  author =       "JI Siepmann",
  title =        "A method for the direct calculation of
                 chemical-potentials for dense chain systems",
  journal =      "Mol. Phys.",
  year =         "1990",
  volume =       "70",
  pages =        "1145",
  owner =        "salvador",
  timestamp =    "2013.11.26",
}

@Article{J2006,
  author =       "J Skilling",
  title =        "Nested sampling for general Bayesian computation",
  journal =      "Bayesian Anal",
  year =         "2006",
  volume =       "1",
  pages =        "833",
  owner =        "salvador",
  timestamp =    "2013.11.26",
}

@Article{B1995,
  author =       "B Smit and S Karaborni and JI Siepmann",
  title =        "Computer-simulations of vapor-liquid phase-equilibria
                 of n-alkanes",
  journal =      "J. Chem. Phys.",
  year =         "1995",
  volume =       "102",
  pages =        "2126",
  owner =        "salvador",
  timestamp =    "2013.11.26",
}

@Article{WR1994,
  author =       "W. R. Smith and B. Triska",
  title =        "The reaction ensemble method for the computer
                 simulation of chemical and phase equilibria. i. Theory
                 and basic examples",
  journal =      "J. Chem. Phys.",
  year =         "1994",
  volume =       "100",
  pages =        "3019",
  owner =        "salvador",
  timestamp =    "2013.11.26",
}

@Article{RQ1993,
  author =       "R. Q. Snurr and A. T. Bell and D. N. Theodorou",
  title =        "Prediction of adsorption of aromatic-hydrocarbons in
                 silicalite from grand canonical Monte-Carlo simulations
                 with biased insertions",
  journal =      "J. Phys. Chem.",
  year =         "1993",
  volume =       "97",
  pages =        "13742",
  owner =        "salvador",
  timestamp =    "2013.11.26",
}

@Article{SpoelD1995,
  author =       "D van der Spoel and HJC Berendsen and R van Drunen",
  title =        "{GROMACS}: a message-passing parallel molecular
                 dynamics implementation",
  journal =      "Comp Phys Commun",
  year =         "1995",
  volume =       "91",
  pages =        "43",
  owner =        "salvador",
  timestamp =    "2013.11.26",
}

@Article{SR1981,
  author =       "Cox SR and Williams DE",
  title =        "Representation of the molecular electrostatic
                 potential by a net atomic charge model",
  journal =      "J. Comput. Chem.",
  year =         "1981",
  volume =       "2",
  pages =        "304",
  owner =        "salvador",
  timestamp =    "2013.11.26",
}

@Article{SugitaY.1999,
  author =       " Sugita Y. and Okamoto Y.",
  title =        "Replica-exchange molecular dynamics method for protein
                 folding",
  journal =      "Chem. Phys. Lett.",
  year =         "1999",
  volume =       "314",
  pages =        "141",
  owner =        "salvador",
  timestamp =    "2013.11.26",
}

@Article{Sulikowski1996,
  author =       "~B. Sulikowski",
  journal =      "Heterog. Chem. Rev.",
  year =         "1996",
  pages =        "203--268",
  number =       "3",
}

@Article{H1998,
  author =       "H Sun and P Ren and JR Fried",
  title =        "The {COMPASS} force field: parameterization and
                 validation for phosphazenes",
  journal =      "Comput. Theor. Polym. Sci.",
  year =         "1998",
  volume =       "8",
  pages =        "229",
  owner =        "salvador",
  timestamp =    "2013.11.26",
}

@Article{MB2009,
  author =       "MB Sweatman",
  title =        "New techniques for simulating crystals",
  journal =      "Mol. Simul.",
  year =         "2009",
  volume =       "35",
  pages =        "897",
  owner =        "salvador",
  timestamp =    "2013.11.26",
}

@Article{MB2005,
  author =       "MB Sweatman",
  title =        "Self-referential Monte Carlo method for calculating
                 the free energy of crystalline solids",
  journal =      "Phys. Rev. E",
  year =         "2005",
  volume =       "72",
  pages =        "016711",
  owner =        "salvador",
  timestamp =    "2013.11.26",
}

@Article{MB2004,
  author =       "MB Sweatman and N Quirke",
  title =        "Simulating fluid-solid equilibrium with the Gibbs
                 ensemble",
  journal =      "Mol. Simul.",
  year =         "2004",
  volume =       "30",
  pages =        "23",
  owner =        "salvador",
  timestamp =    "2013.11.26",
}

@Article{TA1983,
  author =       "Andrea TA and Swope WC and Andersen HC",
  title =        "The role of long ranged forces in determining the
                 structure and properties of liquid water",
  journal =      "J. Chem. Phys.",
  year =         "1983",
  volume =       "79",
  pages =        "4576",
  owner =        "salvador",
  timestamp =    "2013.11.26",
}

@Article{TA1996,
  author =       "Halgren TA",
  title =        "Merck molecular force field. {II}. {MMFF94} van der
                 Waals and electrostatic parameters for intermolecular
                 interactions",
  journal =      "J Comp Chem",
  year =         "1996",
  volume =       "17",
  pages =        "520",
  owner =        "salvador",
  timestamp =    "2013.11.26",
}

@Article{TA1996a,
  author =       "Halgren TA",
  title =        "Merck molecular force field. {I}. Basis, form, scope,
                 parameterization and performance of {MMFF94}",
  journal =      "J Comp Chem",
  year =         "1996",
  volume =       "17",
  pages =        "490",
  owner =        "salvador",
  timestamp =    "2013.11.26",
}

@Article{TA1996b,
  author =       "Halgren TA",
  title =        "Merck molecular force field. {III}. Molecular
                 geometrics and vibrational frequencies for {MMFF94}",
  journal =      "J Comp Chem",
  year =         "1996",
  volume =       "17",
  pages =        "553",
  owner =        "salvador",
  timestamp =    "2013.11.26",
}

@Article{TA1996c,
  author =       "Halgren TA and Nachbar RB",
  title =        "Merck molecular force field. {V}. Extension of
                 {MMFF94} using experimental data, additional
                 computational data and empirical rules",
  journal =      "J Comp Chem",
  year =         "1996",
  volume =       "17",
  pages =        "616",
  owner =        "salvador",
  timestamp =    "2013.11.26",
}

@Article{M2009,
  author =       "M Tafipolsky and R Schmid",
  title =        "Systematic first principles parameterization of force
                 fields for metal-organic frameworks using a genetic
                 algorithm approach",
  journal =      "J. Phys. Chem. B",
  year =         "2009",
  volume =       "113",
  pages =        "1341",
  owner =        "salvador",
  timestamp =    "2013.11.26",
}

@Article{tallentire2013systematic,
  author =       "Sarah E Tallentire and Felicity Child and Ian Fall and
                 Liana Vella-Zarb and Ivana Radosavljevic Evans and
                 Matthew G Tucker and David A Keen and Claire Wilson and
                 John SO Evans",
  title =        "Systematic and Controllable Negative, Zero, and
                 Positive Thermal Expansion in Cubic \ce{Zr}$_{1-x}$
                 \ce{Sn}$_x$ \ce{Mo2O8}",
  journal =      "J. Am. Chem. Soc.",
  year =         "2013",
  volume =       "135",
  number =       "34",
  pages =        "12849--12856",
  publisher =    "ACS Publications",
}

@Article{Tang2008,
  author =       "Liqiu Tang and Lei Shi and Charlotte Bonneau and
                 Junliang Sun and Huijuan Yue and Arto Ojuva and Bao-Lin
                 Lee and Mikael Kritikos and Robert G. Bell and
                 Zolt{\'{a}}n Bacsik and Janos Mink and Xiaodong Zou",
  title =        "A zeolite family with chiral and achiral structures
                 built from the same building layer",
  journal =      "Nat. Mater.",
  year =         "2008",
  volume =       "7",
  number =       "5",
  pages =        "381--385",
  month =        apr,
  doi =          "10.1038/nmat2169",
  publisher =    "Springer Nature",
}

@Article{DN2010,
  author =       "D. N. Theodorou",
  title =        "Progress and outlook in Monte Carlo simulations",
  journal =      "Industrial \& Engineering Chemistry Research",
  year =         "2010",
  volume =       "49",
  pages =        "3047",
  owner =        "salvador",
  timestamp =    "2013.11.26",
}

@Article{TJH1998,
  author =       "Vlugt TJH and Martin MG and Smit B and Siepmann JI and
                 Krishna R",
  title =        "Improving the efficiency of the configurational-bias
                 Monte Carlo algorithm",
  journal =      "Mol. Phys.",
  year =         "1998",
  volume =       "94",
  pages =        "727",
  owner =        "salvador",
  timestamp =    "2013.11.26",
}

@Article{Toby2001,
  author =       "B. H. Toby",
  title =        "{EXPGUI}, a graphical user interface for {GSAS}",
  journal =      "J. Appl. Crystallogr.",
  year =         "2001",
  volume =       "34",
  pages =        "210--213",
  owner =        "msax",
  timestamp =    "2013.10.02",
}

@Article{tosi1964cohesion,
  author =       "Mario P Tosi",
  title =        "Cohesion of ionic solids in the {B}orn model",
  journal =      "Solid state physics",
  year =         "1964",
  volume =       "16",
  pages =        "1--120",
  publisher =    "Elsevier",
}

@Article{S1990,
  author =       "S Toxvaerd",
  title =        "Molecular-dynamics calculation of the equation of
                 state of alkanes",
  journal =      "J. Chem. Phys.",
  year =         "1990",
  volume =       "93",
  pages =        "4290",
  owner =        "salvador",
  timestamp =    "2013.11.26",
}

@Article{T-Q2010,
  author =       "Yu T-Q and Alejandre J and Lopez-Rendon R and Martyna
                 GJ and Tuckerman ME",
  title =        "Measure-preserving integrators for molecular dynamics
                 in the isothermal-isobaric ensemble derived from the
                 Liouville operator",
  journal =      "Chem. Phys.",
  year =         "2010",
  volume =       "370",
  pages =        "294",
  owner =        "salvador",
  timestamp =    "2013.11.26",
}

@Article{tuckerman2006liouville,
  author =       "Mark E Tuckerman and Jos{\'e} Alejandre and Roberto
                 L{\'o}pez-Rend{\'o}n and Andrea L Jochim and Glenn J
                 Martyna",
  title =        "A {L}iouville-operator derived measure-preserving
                 integrator for molecular dynamics simulations in the
                 isothermal--isobaric ensemble",
  journal =      "J. Phys. A: Math. Gen.",
  year =         "2006",
  volume =       "39",
  number =       "19",
  pages =        "5629",
  publisher =    "IOP Publishing",
}

@Article{martyna,
  author =       "Mark E. Tuckerman and Jos\'{e} Alejandre and Roberto
                 L\'{o}pez-Rend\'{o}n and Andrea L. Jochim and Glenn J.
                 Martyna",
  title =        "A Liouville-operator derived measure-preserving
                 integrator for molecular dynamics simulations in the
                 isothermal-isobaric ensemble",
  journal =      "J. Phys. A: Math. Gen.",
  year =         "2006",
  volume =       "39",
  pages =        "5629--5651",
  owner =        "salvador",
  timestamp =    "2013.11.26",
}

@Article{tuckerman,
  author =       "Mark E. Tuckerman and Yi Liu and Giovanni Ciccotti and
                 Glenn J. Martyna",
  title =        "Non-Hamiltonian molecular dynamics: Generalizing
                 Hamiltonian phase space principles to non-Hamiltonian
                 systems",
  journal =      "J. Chem. Phys.",
  year =         "2001",
  volume =       "115",
  pages =        "1678--1702",
  number =       "4",
  owner =        "salvador",
  timestamp =    "2013.11.26",
}

@Article{CH2007,
  author =       "CH Turner and JK Brennan and M Lísal",
  title =        "Replica exchange for reactive Monte Carlo
                 simulations",
  journal =      "J. Phys. Chem. C",
  year =         "2007",
  volume =       "111",
  pages =        "15706",
  owner =        "salvador",
  timestamp =    "2013.11.26",
}

@Article{CH2008,
  author =       "CH Turner and JK Brennan and M Lisal and WR Smith and
                 JK Johnson and KE Gubbins",
  title =        "Simulation of chemical reaction equilibria by the
                 reaction ensemble Monte Carlo method: a review",
  journal =      "Mol. Simul.",
  year =         "2008",
  volume =       "34",
  pages =        "119",
  owner =        "salvador",
  timestamp =    "2013.11.26",
}

@Article{CH1851,
  author =       "CH Turner and JK Johnson and KE Gubbins",
  title =        "Effect of confinement on chemical reaction equilibria:
                 the reactions 2{NO}({NO}) and {N}+ 3{H} 2{NH} in carbon
                 micropores",
  journal =      "J. Chem. Phys.",
  year =         "1851",
  volume =       "114",
  pages =        "2001",
  owner =        "salvador",
  timestamp =    "2013.11.26",
}

@Article{CH2001,
  author =       "CH Turner and J Pikunic and KE Gubbins",
  title =        "Influence of chemical and physical surface
                 heterogeneity on chemical reaction equilibria in carbon
                 micropores",
  journal =      "Mol. Phys.",
  year =         "2001",
  volume =       "99",
  pages =        "1991",
  owner =        "salvador",
  timestamp =    "2013.11.26",
}

@Article{TW2011,
  author =       "Rosch TW and Maginn EJ",
  title =        "Reaction ensemble Monte Carlo simulation of complex
                 molecular systems",
  journal =      "J. Chem. Theory Comput.",
  year =         "2011",
  volume =       "7",
  pages =        "269",
  owner =        "salvador",
  timestamp =    "2013.11.26",
}

@Article{A2003b,
  author =       "A Uhlherr",
  title =        "Parallel Monte Carlo simulations by asynchronous
                 domain decomposition",
  journal =      "Comp Phys Commun",
  year =         "2003",
  volume =       "155",
  pages =        "31",
  owner =        "salvador",
  timestamp =    "2013.11.26",
}

@Article{A2000,
  author =       "A Uhlherr",
  title =        "Monte Carlo conformational sampling of the internal
                 degrees of freedom of chain molecules",
  journal =      "Macromolecules",
  year =         "2000",
  volume =       "33",
  pages =        "1351",
  owner =        "salvador",
  timestamp =    "2013.11.26",
}

@Article{A2006,
  author =       "A Uhlherr and DN Theodorou",
  title =        "Accelerating molecular simulations by reversible
                 mapping between local minima",
  journal =      "J. Chem. Phys.",
  year =         "2006",
  volume =       "125",
  pages =        "084107",
  owner =        "salvador",
  timestamp =    "2013.11.26",
}

@Article{P2000,
  author =       " Ungerer P and  Beauvais C and  Delhommelle J and
                 Boutin A and  Rousseau B and Fuchs AH",
  title =        "Optimization of the anisotropic united atoms
                 intermolecular potential for n-alkanes",
  journal =      "J. Chem. Phys.",
  year =         "2000",
  volume =       "112",
  pages =        "5499",
  owner =        "salvador",
  timestamp =    "2013.11.26",
}

@Article{Urban2016,
  author =       "Alexander Urban and Ian Matts and Aziz Abdellahi and
                 Gerbrand Ceder",
  title =        "Computational Design and Preparation of
                 Cation-Disordered Oxides for High-Energy-Density Li-Ion
                 Batteries",
  journal =      "Adv. Energy Mater.",
  year =         "2016",
  volume =       "6",
  number =       "15",
  pages =        "1600488",
  month =        may,
  doi =          "10.1002/aenm.201600488",
  publisher =    "Wiley-Blackwell",
}

@Article{urusov1975energetic,
  author =       "V. S. Urusov",
  title =        "Energetic crystal chemistry",
  journal =      "Nuka, Moscow",
  year =         "1975",
  volume =       "335",
  pages =        ".",
  owner =        "salvador",
  timestamp =    "2013.12.05",
}

@Article{van1990force,
  author =       "B. W. H. Van Beest and G. J. Kramer and R. A. Van
                 Santen",
  title =        "Force fields for silicas and aluminophosphates based
                 on ab initio calculations",
  journal =      "Phys. Rev. Lett.",
  year =         "1990",
  volume =       "64",
  pages =        "1955",
  number =       "16",
  publisher =    "APS",
}

@Article{VandeVondele2005103,
  author =       "Joost VandeVondele and Matthias Krack and Fawzi
                 Mohamed and Michele Parrinello and Thomas Chassaing and
                 Jürg Hutter",
  title =        "Quickstep: {F}ast and accurate density functional
                 calculations using a mixed {G}aussian and plane waves
                 approach",
  journal =      "Comput. Phys. Commun.",
  year =         "2005",
  volume =       "167",
  pages =        "103--128",
  number =       "2",
  doi =          "10.1016/j.cpc.2004.12.014",
  ISSN =         "0010-4655",
}

@Article{Villaescusa1999,
  author =       "Luis A. Villaescusa and Philip A. Barrett and Miguel
                 A. Camblor",
  title =        "{ITQ}-7: {A} New Pure Silica Polymorph with a
                 Three-Dimensional System of Large Pore Channels",
  journal =      "Angew. Chem. Int. Ed.",
  year =         "1999",
  volume =       "38",
  number =       "13-14",
  pages =        "1997--2000",
  ISSN =         "1521-3773",
  doi =          "10.1002/(SICI)1521-3773(19990712)38:13/14<1997::AID-ANIE1997>3.0.CO;2-U",
  keywords =     "Microporosity, Silicates, Structure elucidation,
                 Synthetic methods, Zeolites",
  publisher =    "WILEY-VCH Verlag GmbH",
}

@Article{Villaescusa2016,
  author =       "Luis A. Villaescusa and Miguel A. Camblor",
  title =        "Time Evolution of an Aluminogermanate Zeolite
                 Synthesis: Segregation of Two Closely Similar Phases
                 with the Same Structure Type",
  journal =      "Chem. Mater.",
  year =         "2016",
  volume =       "28",
  number =       "9",
  pages =        "3090--3098",
  month =        may,
  doi =          "10.1021/acs.chemmater.6b00507",
  publisher =    "American Chemical Society ({ACS})",
}

@Article{Villaescusa2002,
  author =       "Luis A. Villaescusa and Philip Lightfoot and Russell
                 E. Morris",
  title =        "Synthesis and structure of fluoride-containing {GeO}2
                 analogues of zeolite double four-ring building units",
  journal =      "Chem. Commun.",
  year =         "2002",
  number =       "19",
  pages =        "2220--2221",
  month =        sep,
  doi =          "10.1039/b207374a",
  publisher =    "Royal Society of Chemistry ({RSC})",
}

@Article{Villaescusa2002a,
  author =       "Luis A. Villaescusa and Philip Lightfoot and Russell
                 E. Morris",
  title =        "Synthesis and structure of fluoride-containing {GeO}2
                 analogues of zeolite double four-ring building units",
  journal =      "Chem. Commun.",
  year =         "2002",
  number =       "19",
  pages =        "2220--2221",
  month =        sep,
  doi =          "10.1039/b207374a",
  publisher =    "Royal Society of Chemistry ({RSC})",
}

@Article{vitale1997,
  author =       "Gerardo Vitale and Caroline F. Mellot and Lucy M. Bull
                 and Anthony K. Cheetham",
  title =        "Neutron Diffraction and Computational Study of Zeolite
                 Na{X}: Influence of {SIII}‘ Cations on Its Complex
                 with Benzene",
  journal =      "J. Phys. Chem. B",
  year =         "1997",
  volume =       "101",
  pages =        "4559--4564",
  number =       "23",
  doi =          "10.1021/jp970393x",
}

@Article{A2009,
  author =       "A Vitalis and RV Pappu",
  title =        "Methods for Monte Carlo simulations of
                 biomacromolecules",
  journal =      "Ann. Rep. Comput. Chem.",
  year =         "2009",
  volume =       "5",
  pages =        "49",
  owner =        "salvador",
  timestamp =    "2013.11.26",
}

@Article{TJH1999,
  author =       "TJH Vlugt",
  title =        "Efficiency of parallel {CBMC} simulations",
  journal =      "Mol. Simul.",
  year =         "1999",
  volume =       "23",
  pages =        "63",
  owner =        "salvador",
  timestamp =    "2013.11.26",
}

@Article{TJH2008,
  author =       "TJH Vlugt and E Garcia-Perez and D Dubbeldam and S Ban
                 and S Calero",
  title =        "Computing the heat of adsorption using molecular
                 simulations: the effect of strong coulombic
                 interactions",
  journal =      "J. Chem. Theory Comput.",
  year =         "2008",
  volume =       "4",
  pages =        "1107",
  owner =        "salvador",
  timestamp =    "2013.11.26",
}

@Article{TJH1999a,
  author =       "TJH Vlugt and R Krishna and B Smit",
  title =        "Molecular simulations of adsorption isotherms for
                 linear and branched alkanes and their mixtures in
                 silicalite",
  journal =      "J. Phys. Chem. B",
  year =         "1999",
  volume =       "103",
  pages =        "1102",
  owner =        "salvador",
  timestamp =    "2013.11.26",
}

@Article{AF2007,
  author =       "A. F. Voter",
  title =        "Introduction to the kinetic Monte Carlo method",
  journal =      "Rad Effects Solids (NATO Sci Ser)",
  year =         "2007",
  volume =       "235",
  pages =        "1",
  owner =        "salvador",
  timestamp =    "2013.11.26",
}

@Article{W2007,
  author =       "Shi W and Maginn EJ",
  title =        "Continuous fractional component Monte Carlo: an
                 adaptive biasing method for open system atomistic
                 simulations",
  journal =      "J. Chem. Theory Comput.",
  year =         "2007",
  volume =       "3",
  pages =        "1451",
  owner =        "salvador",
  timestamp =    "2013.11.26",
}

@Article{DJ1997,
  author =       "DJ Wales and JPK Doye",
  title =        "Global optimization by basin-hopping and the lowest
                 energy structures of Lennard-Jones clusters containing
                 up to 110 atoms",
  journal =      "J. Phys. Chem.",
  year =         "1997",
  volume =       "101",
  pages =        "5111",
  owner =        "salvador",
  timestamp =    "2013.11.26",
}

@Article{FT1975,
  author =       "FT Wall and F Mandel",
  title =        "Macromolecular dimensions obtained by an efficient
                 Monte Carlo method without sample attrition",
  journal =      "J. Chem. Phys.",
  year =         "1975",
  volume =       "63",
  pages =        "4592",
  owner =        "salvador",
  timestamp =    "2013.11.26",
}

@Article{F2001,
  author =       "F Wang and DP Landau",
  title =        "Efficient, Multiple-Range Random Walk Algorithm to
                 Calculate the Density of States",
  journal =      "Phys. Rev. Lett.",
  year =         "2001",
  volume =       "86",
  pages =        "2050",
  owner =        "salvador",
  timestamp =    "2013.11.26",
}

@Article{F2001a,
  author =       "F Wang and DP Landau",
  title =        "Determining the density of states for classical
                 statistical models: a random walk algorithm to produce
                 a flat histogram",
  journal =      "Phys. Rev. E",
  year =         "2001",
  volume =       "64",
  pages =        "056101",
  owner =        "salvador",
  timestamp =    "2013.11.26",
}

@Article{J-S1999,
  author =       "J-S Wang and TK Tay and RH Swendsen",
  title =        "Transition matrix Monte Carlo reweighting and
                 dynamics",
  journal =      "Phys. Rev. Lett.",
  year =         "1999",
  volume =       "82",
  pages =        "476",
  owner =        "salvador",
  timestamp =    "2013.11.26",
}

@Article{Wang2003,
  author =       "K. Wang and J. Yu and C. Li and R. Xu",
  journal =      "Inorg. Chem.",
  year =         "2003",
  volume =       "42",
  pages =        "4597--4602",
}

@Article{Wang2003a,
  author =       "Yingxia Wang and Jiaqing Song and Hermann Gies",
  title =        "The substitution of germanium for silicon in
                 {AST}-type zeolite",
  journal =      "Solid State Sci.",
  year =         "2003",
  volume =       "5",
  number =       "11-12",
  pages =        "1421--1433",
  month =        nov,
  doi =          "10.1016/j.solidstatesciences.2003.09.003",
  publisher =    "Elsevier {BV}",
}

@Article{T2011,
  author =       "T Watanabe and TA Manz and DS Sholl",
  title =        "Accurate treatment of electrostatics during molecular
                 adsorption in nanoporous crystals without assigning
                 point charges to framework atoms",
  journal =      "J. Phys. Chem. C",
  year =         "2011",
  volume =       "115",
  pages =        "4824",
  owner =        "salvador",
  timestamp =    "2013.11.26",
}

@Article{SJ1984,
  author =       "SJ Weiner and PA Kollman and DA Case and UC Singh and
                 C Ghio and G Alagona and S Profeta and PK Weiner",
  title =        "A new force field for molecular mechanical simulation
                 of nucleic acids and proteins",
  journal =      "J. Am. Chem. Soc.",
  year =         "1984",
  volume =       "106",
  pages =        "765",
  owner =        "salvador",
  timestamp =    "2013.11.26",
}

@Article{SJ1986,
  author =       "SJ Weiner and PA Kollman and DT Nguyen and DA Case",
  title =        "An all atom force field for simulations of proteins
                 and nucleic acids",
  journal =      "J Comp Chem",
  year =         "1986",
  volume =       "7",
  pages =        "230",
  owner =        "salvador",
  timestamp =    "2013.11.26",
}

@Article{welche1998negative,
  author =       "PRL Welche and V Heine and MT Dove",
  title =        "Negative thermal expansion in beta-quartz",
  journal =      "Phys. Chem. Miner.",
  year =         "1998",
  volume =       "26",
  number =       "1",
  pages =        "63--77",
  publisher =    "Springer",
}

@Article{WestenT2011,
  author =       "T van Westen and TJH Vlugt and J Gross",
  title =        "Determining force field parameters using a physically
                 based equation of state",
  journal =      "J. Phys. Chem. B",
  year =         "2011",
  volume =       "115",
  pages =        "7872",
  owner =        "salvador",
  timestamp =    "2013.11.26",
}

@Article{FH1946,
  author =       "FH Westheimer and JE Mayer",
  title =        "The theory of the racemization of optically active
                 derivatives of diphenyl",
  journal =      "J. Chem. Phys.",
  year =         "1946",
  volume =       "14",
  pages =        "733",
  owner =        "salvador",
  timestamp =    "2013.11.26",
}

@Article{white2004pressure,
  author =       "Catherine LIM White and A Rabdel Ruiz-Salvador and
                 Dewi W Lewis",
  title =        "Pressure-Induced Hydration Effects in the Zeolite
                 Laumontite",
  journal =      "Angew. Chem.",
  year =         "2004",
  volume =       "116",
  pages =        "475--478",
  number =       "4",
  publisher =    "Wiley Online Library",
}

@Article{CD2000,
  author =       "CD Wick and JI Siepmann",
  title =        "Self-adapting fixed-end-point configurational-bias
                 Monte Carlo method for the regrowth of interior
                 segments of chain molecules with strong intramolecular
                 interactions",
  journal =      "Macromolecules",
  year =         "2000",
  volume =       "33",
  pages =        "7207",
  owner =        "salvador",
  timestamp =    "2013.11.26",
}

@Article{CD2005,
  author =       "CD Wick and JM Stubbs and N Rai and JI Siepmann",
  title =        "Transferable potentials for phase equilibria. 7.
                 Primary, secondary, and tertiary amines, nitroalkanes
                 and nitrobenzene, nitriles, amides, pyridine, and
                 pyrimidine",
  journal =      "J. Phys. Chem. B",
  year =         "2005",
  volume =       "109",
  pages =        "18974",
  owner =        "salvador",
  timestamp =    "2013.11.26",
}

@Article{widom1963some,
  author =       "Ben Widom",
  title =        "Some topics in the theory of fluids",
  journal =      "J. Chem. Phys.",
  year =         "1963",
  volume =       "39",
  number =       "11",
  pages =        "2808--2812",
  publisher =    "AIP Publishing",
}

@Article{NB2001,
  author =       "NB Wilding",
  title =        "Computer simulation of fluid phase transitions",
  journal =      "Am. J. Phys",
  year =         "2001",
  volume =       "69",
  pages =        "1147",
  owner =        "salvador",
  timestamp =    "2013.11.26",
}

@Article{NB1997,
  author =       "NB Wilding",
  title =        "Critical end point behavior in a binary mixture",
  journal =      "Phys. Rev. E.",
  year =         "1997",
  volume =       "55",
  pages =        "6624",
  owner =        "salvador",
  timestamp =    "2013.11.26",
}

@Article{NB1995,
  author =       "NB Wilding",
  title =        "Critical-point and coexistence-curve properties of the
                 Lennard-Jones fluid: a finite-size scaling study",
  journal =      "Phys. Rev. E.",
  year =         "1995",
  volume =       "52",
  pages =        "602",
  owner =        "salvador",
  timestamp =    "2013.11.26",
}

@Article{NB2000,
  author =       "NB Wilding and AD Bruce",
  title =        "Freezing by Monte Carlo phase switch",
  journal =      "Phys. Rev. Lett.",
  year =         "2000",
  volume =       "85",
  pages =        "5138",
  owner =        "salvador",
  timestamp =    "2013.11.26",
}

@Book{numerical_recipes_fortran,
  title =        "Numerical Recipes in Fortran 77: The Art of Scientific
                 Computing",
  publisher =    "Cambridge University Press",
  year =         "1992",
  author =       " William H. Press and  Brian P. Flanner and  Saul A.
                 Teukolsky and William T. Vetterling",
  volume =       "2",
  edition =      "2",
  owner =        "salvador",
  timestamp =    "2014.01.20",
}

@Article{CE2012,
  author =       "CE Wilmer and KC Kim and RQ Snurr",
  title =        "An extended charge equilibration method",
  journal =      "J. Phys. Chem. Lett.",
  year =         "2012",
  volume =       "3",
  pages =        "2506",
  owner =        "salvador",
  timestamp =    "2013.11.26",
}

@Article{CE2011,
  author =       "CE Wilmer and RQ Snurr",
  title =        "Towards rapid computational screening of metal-organic
                 frameworks for carbon dioxide capture: calculation of
                 framework charges via charge equilibration",
  journal =      "Chem. Eng. J.",
  year =         "2011",
  volume =       "171",
  pages =        "775",
  owner =        "salvador",
  timestamp =    "2013.11.26",
}

@Article{NPT_hard_disk,
  author =       "W. W. Wood",
  title =        "Np{T} ensemble Monte Carlo calculations for the hard
                 disk fluid",
  journal =      "J. Chem. Phys.",
  year =         "1970",
  volume =       "52",
  pages =        "729",
  owner =        "salvador",
  timestamp =    "2013.11.26",
}

@Article{Wood1968,
  author =       "W. W. Wood",
  title =        "Monte Carlo calculations for hard disks in the
                 isothermal-isobaric ensemble",
  journal =      "J. Chem. Phys.",
  year =         "1968",
  volume =       "48",
  pages =        "415",
  owner =        "salvador",
  timestamp =    "2013.11.26",
}

@Article{unknow,
  author =       "XXX",
  title =        "{XXX}",
  year =         "XXXX",
}

@Article{QL2000,
  author =       "QL Yan and JJ de Pablo",
  title =        "Hyperparallel tempering Monte Carlo simulation of
                 polymeric systems",
  journal =      "J. Chem. Phys.",
  year =         "2000",
  volume =       "113",
  pages =        "1276",
  owner =        "salvador",
  timestamp =    "2013.11.26",
}

@Article{yang2009crystallographic,
  author =       "Chi Yang and Xiaoping Wang and Mohammad A Omary",
  title =        "Crystallographic observation of dynamic gas adsorption
                 sites and thermal expansion in a breathable fluorous
                 metal--organic framework",
  journal =      "Angew. Chem., Int. Ed. Engl.",
  year =         "2009",
  volume =       "121",
  number =       "14",
  pages =        "2538--2543",
  publisher =    "Wiley Online Library",
}

@Article{C1MD00158B,
  author =       "Ying-Wei Yang",
  title =        "Towards biocompatible nanovalves based on mesoporous
                 silica nanoparticles",
  journal =      "Med. Chem. Commun.",
  year =         "2011",
  volume =       "2",
  pages =        "1033--1049",
  doi =          "10.1039/C1MD00158B",
  issue =        "11",
  publisher =    "The Royal Society of Chemistry",
}

@Article{yot2014metal,
  author =       "Pascal G Yot and Zoubeyr Boudene and Jasmine Macia and
                 Dominique Granier and Louis Vanduyfhuys and Toon
                 Verstraelen and Veronique Van Speybroeck and Thomas
                 Devic and Christian Serre and G{\'e}rard F{\'e}rey and
                 others",
  title =        "Metal--organic frameworks as potential shock
                 absorbers: the case of the highly flexible {MIL}-53
                 (\ce{Al})",
  journal =      "Chem. Commun.",
  year =         "2014",
  volume =       "50",
  number =       "67",
  pages =        "9462--9464",
  publisher =    "Royal Society of Chemistry",
}

@Article{WM1966,
  author =       "WM Young and EW Elcock",
  title =        "Monte Carlo studies of vacancy migration in binary
                 ordered alloys: {I}",
  journal =      "Proc. Phys. Soc.",
  year =         "1966",
  volume =       "89",
  pages =        "735",
  owner =        "salvador",
  timestamp =    "2013.11.26",
}

@Article{doi:10.1021/nn3018365,
  author =       "Quan Yuan and Yunfei Zhang and Tao Chen and Danqing Lu
                 and Zilong Zhao and Xiaobing Zhang and Zhenxing Li and
                 Chun-Hua Yan and Weihong Tan",
  title =        "Photon-Manipulated Drug Release from a Mesoporous
                 Nanocontainer Controlled by Azobenzene-Modified Nucleic
                 Acid",
  journal =      "ACS Nano",
  year =         "2012",
  volume =       "6",
  pages =        "6337--6344",
  number =       "7",
  doi =          "10.1021/nn3018365",
}

@Article{J2011,
  author =       "J Zang and S Nair and DS Sholl",
  title =        "Osmotic ensemble methods for predicting
                 adsorption-induced structural transitions in nanoporous
                 materials using molecular simulations",
  journal =      "J. Chem. Phys.",
  year =         "2011",
  volume =       "134",
  pages =        "184103",
  owner =        "salvador",
  timestamp =    "2013.11.26",
}

@Article{zang,
  author =       "Ji Zang and Sankar Nair and David S. Sholl",
  title =        "Osmotic ensemble methods for predicting
                 adsorption-induced structural transitions in nanoporous
                 materials using molecular simulations.",
  journal =      "J. Chem. Phys.",
  year =         "2011",
  volume =       "134",
  pages =        "184103",
  number =       "18",
  owner =        "salvador",
  timestamp =    "2013.11.26",
}

@Article{J2007,
  author =       "J Zhang and SC Kou and JS Liu",
  title =        "Biopolymer structure simulation and optimization via
                 fragment regrowth Monte Carlo",
  journal =      "J. Chem. Phys.",
  year =         "2007",
  volume =       "126",
  pages =        "225101",
  owner =        "salvador",
  timestamp =    "2013.11.26",
}

@Article{Zhang2015a,
  author =       "Na Zhang and Lei Shi and Tingting Yu and Tianduo Li
                 and Wei Hua and Cong Lin",
  title =        "Synthesis and characterization of pure {STW}-zeotype
                 germanosilicate, Cu- and Co-substituted {STW}-zeotype
                 materials",
  journal =      "J. Solid State Chem.",
  year =         "2015",
  volume =       "225",
  pages =        "271--277",
  month =        may,
  doi =          "10.1016/j.jssc.2014.12.031",
  publisher =    "Elsevier {BV}",
}

@Article{zhou2008origin,
  author =       "Wei Zhou and Hui Wu and Tanner Yildirim and Jeffrey R
                 Simpson and AR Hight Walker",
  title =        "Origin of the exceptional negative thermal expansion
                 in metal-organic framework-5 \ce{Zn4O}(1, 4-
                 benzenedicarboxylate)$_3$",
  journal =      "Phys. Rev. B",
  year =         "2008",
  volume =       "78",
  number =       "5",
  pages =        "054114",
  publisher =    "APS",
}

@Article{ZicovichWilson2010,
  author =       "Claudio M. Zicovich-Wilson and Felipe Gándara and
                 Angeles Monge and Miguel A. Camblor",
  title =        "In {SituTransformation} of {TON} Silica Zeolite into
                 the Less Dense {ITW}: Structure-Direction Overcoming
                 Framework Instability in the Synthesis of {SiO}2
                 Zeolites",
  journal =      "J. Am. Chem. Soc.",
  year =         "2010",
  volume =       "132",
  number =       "10",
  pages =        "3461--3471",
  month =        mar,
  doi =          "10.1021/ja9094318",
  publisher =    "American Chemical Society ({ACS})",
}

@Article{Zunger1990,
  author =       "Alex Zunger and S.-H. Wei and L. G. Ferreira and James
                 E. Bernard",
  title =        "Special quasirandom structures",
  journal =      "Phys. Rev. Lett.",
  year =         "1990",
  volume =       "65",
  number =       "3",
  pages =        "353--356",
  month =        jul,
  doi =          "10.1103/physrevlett.65.353",
  publisher =    "American Physical Society ({APS})",
}

@Comment{jabref-meta:d
?? Expected comma after last field ``''.
atabaseType:bibtex;}
